2321 3512
674 231 711 266 in
737 232 914 269 Numeros
938 234 1101 270 Homilia
1125 237 1219 280 xlx,
1243 239 1386 281 4-Xx,
1413 243 1429 274 1
1851 245 1925 284 185

816 405 861 451 Η
877 405 912 451 O
929 407 1160 453 MILIA
1200 409 1314 454 XX.'
1944 427 1992 450 ιιι]
2019 426 2134 452 Lomm.

195 515 258 556 De
289 529 349 566 eo,
372 515 462 568 'qui
493 515 724 557 fornicatus
756 520 817 558 est
847 517 890 557 in
920 519 1205 571 Madianitide,
1244 524 1283 560 et
1313 524 1424 574 quod
1454 528 1734 564 >consecratus
1766 526 1826 564 est
1856 537 1925 576 po-

842 583 964 637 pulus
997 584 1285 640 Beelphegor‹.

308 684 342 724 1.
371 679 512 723 Lectio
543 682 666 724 hodie
696 683 871 724 recitata
900 687 974 735 est,
1005 685 1183 738 primam
1215 686 1382 738 quidem
1406 687 1617 729 historiam
1642 690 1857 730 continens
1879 691 1927 728 de

150 751 171 786 ἴ)
195 745 471 789 fornicatione
514 748 595 789 viri
624 744 890 791 Istrahelitae
933 755 972 791 et
1013 751 1200 792 mulieris
1230 752 1530 804 Madianilidis,
1573 756 1795 794 secundam
1832 769 1928 795 vero

196 814 247 855 de
288 813 526 856 visitatione
569 815 726 869 populi,
768 817 810 857 in
854 831 936 870 qua
978 819 1190 858 numerari
1232 818 1383 859 iterum
1426 820 1590 859 iubetur
1632 835 1680 860 ex
1710 824 1929 873 praecepto

196 878 380 931 Domini,
410 881 454 921 in
484 882 650 923 irritum
672 882 829 924 scilicet
850 886 1046 925 revocato
1068 885 1207 937 priore
1229 898 1403 926 numero
1421 876 1594 938 'propter
1615 890 1796 939 peccata,
1828 901 1930 939 quae

195 947 493 989 commiseram:
524 949 578 1000 hi,
610 950 682 1003 qui
711 950 828 1004 prius
859 951 935 991 sub
966 951 1130 991 numeri
1160 951 1327 991 fuerant
1357 952 1598 993 definitione
1621 953 1776 993 censiti.
1836 952 1930 992 Cas-

195 1015 313 1055 satur
342 1028 442 1069 ergo
474 1018 514 1056 et
543 1015 587 1056 in
615 1016 782 1057 irritum
813 1017 1034 1057 deducitur
1056 1032 1104 1058 ex
1126 1017 1307 1070 peccatis
1328 1032 1537 1067 numerus,
1568 1019 1637 1072 qui
1659 1019 1836 1072 scriptus
1858 1022 1930 1060 est.

129 1087 172 1122 10
197 1083 238 1121 ct
265 1083 429 1122 tantum
460 1082 602 1123 valent
632 1082 798 1134 delicta,
828 1086 875 1124 ut
904 1097 981 1125 nec
1010 1084 1090 1124 hoc
1120 1084 1264 1137 prosit,
1297 1086 1406 1137 quod
1437 1084 1479 1124 in
1511 1099 1682 1126 numero
1705 1086 1796 1138 quis
1818 1085 1930 1124 habi-

195 1149 264 1188 tus
293 1147 346 1189 sit
376 1150 488 1202 apud
519 1148 669 1201 Deum,
712 1164 805 1191 cum
837 1149 1121 1191 declinaverit.
1179 1149 1275 1200 Sed,
1306 1153 1352 1190 ut
1382 1149 1596 1204 Scriptura
1627 1152 1766 1199 refert,
1810 1151 1932 1191 etiam

194 1217 343 1255 >al-tus<
370 1229 527 1266 eorum,
559 1216 630 1270 qui
660 1219 923 1258 recesserunt
952 1231 975 1256 a
998 1216 1100 1265 Deo,
1130 1217 1388 1257 >ceciderunt
1408 1217 1450 1257 in
1473 1219 1662 1258 deserto<.
1701 1217 1818 1258 Duae
1840 1221 1934 1258 sunt

198 1294 298 1335 ergo
329 1281 542 1333 historiae,
574 1296 680 1336 quae
711 1284 910 1324 recitatae
941 1286 1056 1332 sunt,
1087 1284 1161 1323 sed
1190 1297 1265 1324 nos
1286 1285 1336 1324 de
1359 1283 1494 1336 prima
1514 1283 1694 1334 interim,
1726 1298 1829 1336 quae
1852 1284 1933 1325 for-

198 1348 452 1391 nicationem
493 1349 638 1403 populi
681 1350 892 1400 describit,
935 1350 969 1390 si
1011 1350 1111 1403 quid
1149 1349 1366 1391 orantibus
1397 1350 1513 1391 vobis
1544 1350 1701 1403 gratiae
1733 1349 1933 1390 Dominus

130 1419 174 1453 15
198 1415 445 1470 dignabitur
474 1419 701 1470 praestare,
744 1417 950 1465 dicemus;
993 1417 1025 1457 si
1068 1430 1166 1457 vero
1198 1416 1285 1470 ipse
1317 1416 1581 1466 concesserit,
1624 1415 1780 1469 aliquid
1811 1417 1931 1457 etiam

199 1483 250 1523 de
292 1484 475 1525 secunda
517 1484 761 1538 contingere
793 1483 1051 1525 audebimus.
1115 1482 1192 1523 »Et
1222 1482 1447 1536 applicuit«
1486 1482 1620 1535 inquit
1654 1481 1848 1523 »Istrahel
1883 1485 1931 1523 ad

199 1548 350 1601 Sattin,
381 1552 423 1590 et
451 1549 638 1604 pollutus
670 1553 731 1591 est
760 1549 952 1604 populus,
984 1553 1024 1590 et
1054 1549 1287 1592 fornicatus
1319 1552 1380 1590 est
1410 1549 1453 1589 in
1472 1548 1578 1589 filias
1599 1549 1735 1590 Moab.
1793 1548 1846 1589 Et
1875 1550 1933 1589 in-

199 1615 442 1657 vitaverunt
472 1631 541 1658 eos
571 1619 625 1658 ad
655 1616 860 1658 sacrificia
888 1615 1099 1658 idolorum
1121 1630 1306 1666 suorum,
1338 1618 1378 1657 et
1398 1615 1667 1656 manducavit
1687 1614 1862 1668 populus
1884 1617 1933 1656 de

199 1682 414 1724 sacrificiis
445 1697 589 1725 eorum
633 1686 673 1724 et
707 1685 991 1725 adoraverunt
1020 1682 1135 1725 idola
1166 1696 1322 1732 eorum,
1366 1685 1406 1722 et
1436 1684 1699 1723 consecratus
1731 1685 1790 1722 est
1821 1680 1934 1722 Beel-
1957 1697 2009 1722 347
2031 1696 2098 1722 Dei.

130 1748 380 1804 2O‘pheg013
413 1751 452 1790 et
481 1750 612 1790 iratus
645 1752 706 1791 est
735 1749 876 1791 furore
898 1749 1104 1791 Dominus
1125 1751 1273 1790 contra
1294 1748 1510 1791 Istrahel«.
1553 1748 1598 1789 In
1620 1748 1684 1788 his
1706 1748 1936 1789 ostenditur

198 1814 316 1867 illud,
347 1817 462 1869 quod
492 1830 614 1870 saepe
646 1817 985 1867 memoravimus,
1028 1815 1126 1869 quia
1154 1814 1338 1865 Balaam,
1377 1817 1647 1868 posteaquam
1679 1814 1755 1855 Dei
1785 1814 1935 1854 virtute

201 1883 452 1924 constrictus
481 1896 566 1924 non
597 1885 660 1924 est
689 1883 917 1936 permissus
947 1882 1196 1924 maledicere
1218 1881 1410 1932 Istrahel,
1440 1881 1584 1922 volens
1613 1883 1753 1921 tamen
1775 1880 1934 1933 placere

199 1949 292 2003 regi
322 1948 494 2001 Balach,
525 1949 583 1990 ait
613 1951 666 1990 ad
697 1964 805 2001 eum,
837 1949 944 1990 sicut
973 1949 1178 2003 scriptum
1211 1951 1290 1989 est:
1326 1949 1457 1998 meni,
1489 1947 1706 1989 consilium
1738 1947 1811 1987 tibi
1843 1949 1935 1987 do«.
1959 1962 2012 1986 242
2030 1961 2145 1988 Lomm.

199 2015 255 2057 Et
284 2015 387 2070 quid
417 2016 583 2058 consilii
615 2016 791 2066 dederit,
820 2016 880 2057 ibi
910 2030 993 2057 non
1015 2016 1222 2069 apparuit,
1253 2015 1296 2055 in
1324 2014 1622 2068 posterioribus
1649 2017 1788 2054 tamen
1809 2013 1936 2066 ipsius

132 2086 177 2121 25
200 2082 300 2124 libri
322 2081 607 2124 Numerorum
639 2083 840 2137 scriptum
872 2082 1066 2123 refertur.
1105 2081 1187 2123 Sed
1209 2080 1373 2135 plenius
1394 2081 1436 2121 in
1457 2080 1709 2122 revelatione
1731 2079 1936 2129 Iohannis,

200 2150 274 2191 ubi
314 2150 374 2191 ita
404 2151 659 2192 continetur:
705 2149 881 2190 »habes«
924 2148 1062 2202 inquit
1095 2148 1175 2189 »ibi
1207 2148 1441 2189 doctrinam
1473 2146 1656 2195 Balaam,
1700 2146 1768 2198 qui
1800 2145 1938 2186 docuit

202 2215 376 2268 Balach,
406 2219 454 2258 ut
483 2217 669 2258 mitteret
698 2215 942 2258 scandalum
967 2216 1011 2256 in
1033 2218 1258 2269 conspectu
1279 2214 1460 2255 filiorum
1482 2212 1669 2262 Istrahel,
1700 2216 1745 2252 ut
1766 2213 1938 2252 mandu-

205 2287 350 2326 carent
390 2283 515 2326 idolis
556 2283 774 2325 immolata
806 2286 847 2324 et
877 2282 1227 2323 fornicarentur«.
1285 2280 1346 2320 Ex
1378 2281 1456 2321 hoc
1488 2292 1587 2333 ergo
1629 2281 1800 2331 apparet
1830 2280 1937 2330 quod

320 2448 373 2483 2s
390 2447 468 2494 vgl.
494 2447 603 2482 Num.
628 2448 682 2490 25,
709 2449 741 2483 6.
766 2449 786 2482 3
809 2466 854 2472 -
880 2446 932 2482 51
952 2445 1028 2491 vgl.
1053 2445 1160 2480 Num.
1187 2445 1240 2486 26,
1265 2444 1322 2478 2ff
1354 2464 1395 2468 —
1435 2443 1513 2478 121·
1544 2443 1620 2487 vgl.
1645 2441 1752 2476 Hebr.
1777 2443 1809 2483 3,
1835 2443 1874 2475 17
1900 2461 1940 2465 —

207 2517 256 2552 17
283 2516 392 2551 Num.
416 2517 472 2558 25,
497 2516 586 2550 1-—3
610 2535 654 2540 —
681 2515 731 2550 23
757 2514 864 2549 Num.
889 2514 944 2556 24,
970 2513 1012 2548 14
1036 2532 1080 2538 —
1107 2513 1157 2548 25
1183 2511 1267 2556 vgl.,
1284 2511 1388 2544 Num.
1414 2511 1469 2552 31,
1495 2510 1536 2544 16
1562 2530 1603 2533 —
1629 2510 1680 2544 *26
1706 2509 1820 2553 Apok.
1845 2509 1875 2550 2,
1903 2509 1940 2543 14

322 2671 373 2706 14
397 2683 444 2702 ω
468 2670 638 2706 dominus
662 2669 807 2715 gratiae
832 2667 1102 2711 130,Ald.Del.,
1127 2666 1293 2711 richtig?
1410 2665 1457 2699 16
1497 2663 1710 2698 audebimus
1742 2664 1820 2705 (aus
1845 2662 1942 2696 vide-

207 2737 328 2772 bimus
347 2738 446 2783 geb.)
463 2737 494 2780 b,
506 2738 589 2772 Αἶά.
602 2738 677 2773 Del.
703 2736 910 2772 videbimus
927 2732 1051 2777 AGDy
1094 2735 1099 2778 1
1143 2733 1345 2779 applicavit
1366 2731 1395 2765 C
1464 2731 1510 2766 17
1539 2729 1690 2765 satthim
1708 2741 1730 2762 (ι
1758 2727 1895 2762 satthin
1917 2740 1943 2759 a·

209 2805 346 2840 sathim
370 2805 394 2840 d
417 2804 537 2841 eathi⁷
560 2817 598 2839 m
623 2804 748 2841 sathin
773 2804 862 2847 Bw)
886 2802 1003 2838 satthi
1033 2802 1063 2836 G
1122 2801 1169 2836 18
1196 2811 1344 2835 suorum
1370 2805 1411 2836 <
1436 2799 1467 2831 A
1531 2798 1579 2832 ⁶24
1607 2797 1701 2840 quod
1729 2796 1759 2827 Ιί
1806 2796 1854 2829 26
1881 2793 1941 2827 ubi

208 2873 265 2908 ita
288 2872 501 2908 continetur
526 2879 570 2910 <
594 2872 629 2906 D
671 2872 676 2915 Ι
719 2871 774 2906 ibi
799 2875 841 2912 ÷
866 2870 1042 2916 quosdam
1068 2868 1131 2914 qui
1156 2868 1283 2902 tenent
1308 2866 1393 2907 Del„
1420 2865 1494 2909 vgl.
1522 2865 1645 2904 8187,
1666 2864 1715 2904 14,
1742 2862 1924 2904 <tenentes

209 2940 446 2976 doctrinam?
563 2941 612 2976 27
651 2941 695 2974 ut
729 2938 910 2981 mitteret]
947 2936 1097 2971 mittere
1120 2934 1198 2976 BC,
1234 2933 1327 2967 nach
1354 2934 1416 2967 der
1442 2932 1551 2976 Vulg.
1576 2933 1634 2972 (=-
1652 2942 1705 2972 gr.
1730 2929 1833 2970 Text)
1871 2928 1942 2960 und

211 3008 244 3044 S.
269 3008 345 3050 187,
371 3009 414 3043 15
