2373 3314
337 190 414 229 433
1112 176 1288 221 Origenes

337 304 441 337 sunt.
486 296 692 347 quomodo
725 290 1056 344 sapientissimus
1087 287 1156 328 hic
1186 287 1297 328 Aoth
1329 288 1417 326 arte
1449 286 1630 338 quadam
1661 287 1715 334 et,
1756 286 1803 324 ut
1831 283 1889 324 ita
1919 283 2070 333 dicam,

337 363 495 404 callida.
529 363 597 400 sed
630 356 829 399 laudabili
860 370 958 396 usus
990 353 1234 407 deceptione
1265 351 1525 392 interemerit
1553 350 1692 406 Eglon
1728 352 1970 403 tyrannum,
2002 348 2070 401 qui

339 429 629 479 interpretatur
659 426 818 464 rotatus
849 421 915 462 vel
945 421 1118 461 orbitae.
1178 418 1353 471 Oportet
1383 429 1484 470 ergo
1515 416 1620 457 tales
1651 430 1741 458 esse*
1771 418 1811 457 et
1840 415 1973 457 nostri
1995 429 2066 468 po·
2086 421 2141 448 245
2163 419 2280 446 Lomm.

339 493 418 546 puli
450 493 618 540 iudices,
650 489 784 543 qualis
815 488 893 528 fuit
923 487 1033 528 Aoth
1065 487 1155 535 iste,
1187 485 1256 538 qui
1287 484 1587 537 interpretatur
1616 482 1720 534 laus,
1751 485 1797 523 ut
1828 495 1971 522 omnes
2002 494 2074 522 vo-

293 565 311 593 ΐ»
336 558 481 598 labiles
526 560 659 597 motus
702 559 741 596 et
772 554 928 595 orbitas
961 552 1057 592 mali
1088 551 1251 592 itineris
1283 549 1481 590 excidant
1513 551 1553 590 et
1582 550 1792 603 perimant
1821 547 2072 589 Madianita—

336 640 424 664 runi
455 635 610 676 regem.
658 622 913 663 Madianitae
945 622 1083 659 autem
1114 618 1446 670 interpretantur
1473 615 1611 656 fluxus
1642 614 1708 656 vel
1739 613 1896 655 effusio.
1938 613 2072 654 Huius

335 691 462 743 igitur
503 690 635 729 fluxae
678 691 718 729 et
759 685 983 727 dissolutae
1027 684 1163 737 gentis
1204 683 1397 735 princeps
1439 681 1507 723 vel
1548 683 1631 722 dux
1670 681 1740 735 qui
1771 683 1909 735 potest
1939 680 2071 721 videri

336 756 437 797 alius
469 755 533 796 vel
563 754 753 807 intelligi,
785 753 861 793 nisi
893 766 1028 792 sermo
1058 749 1171 790 illius
1202 747 1508 802 philosophiae,
1540 761 1646 801 quae
1676 762 1886 788 summum
1915 746 2071 788 bonum

335 822 490 863 iudicat
523 821 789 873 voluptatem,
821 832 942 871 quem
974 816 1196 857 interficiat
1230 818 1269 855 et
1306 814 1488 868 perimat
1507 813 1790 868 Evangelicus
1818 828 1969 864 sermo,
2000 814 2070 867 qui

269 894 310 928 10
335 889 475 942 gladio
506 888 799 940 comparatur?
857 884 911 924 Et
940 896 1076 924 sermo
1109 881 1378 936 propheticus
1408 880 1496 934 ipse
1527 881 1571 921 in
1601 882 1749 921 ventre
1781 893 1925 921 eorum
1946 883 2072 934 atque
2090 889 2148 915 467
2170 885 2238 913 1³0¹·
2292 880 2293 883 ’
2319 887 2321 889 ’

335 956 376 994 in
407 955 502 994 imis
533 952 788 1007 praecordiis
808 949 1089 991 >ambidextri<
1110 948 1295 989 doctoris
1325 946 1679 1001 disputationibus
1711 945 1997 997 concludatur,
2027 948 2074 987 ut
2311 935 2313 940 ¹

335 1021 519 1061 veritatis
551 1034 618 1061 eos
650 1019 878 1059 assertione
910 1015 1163 1058 concludens
1195 1015 1434 1068 exstinguat
1465 1028 1632 1054 omnem
1662 1012 1782 1066 pravi
1802 1012 2012 1067 dogmatis
2034 1014 2074 1054 et

335 1101 494 1127 crassae
524 1085 821 1139 intelligentiae
852 1097 1048 1132 >sensum,
1092 1081 1161 1134 qui
1205 1095 1246 1121 se
1285 1079 1447 1122 extollit
1476 1082 1517 1120 et
1546 1079 1671 1132 erigit
1701 1080 1924 1120 adversum
1954 1079 2073 1132 spiri-

334 1153 459 1194 talem
502 1153 716 1193 scientiam
748 1150 935 1197 Christi<;
976 1151 1022 1189 ut
1052 1149 1155 1189 haec
1184 1147 1242 1188 ita
1271 1147 1429 1188 faciens
1461 1149 1500 1187 et
1529 1146 1572 1186 in
1602 1145 1731 1187 verbo
1763 1145 1840 1186 Dei
1871 1145 2073 1187 dimicans

268 1223 309 1255 15
337 1220 614 1272 unusquisque
647 1217 842 1258 ecclesiae
873 1217 998 1256 iudex
1028 1214 1102 1255 fiat
1121 1213 1246 1255 etiam
1266 1213 1355 1266 ipse
1377 1212 1600 1254 laudabilis
1622 1212 1747 1263 Aoth,
1780 1213 1830 1253 de
1858 1225 1941 1266 quo
1962 1213 2073 1254 dicat

335 1285 556 1327 Dominus:
603 1296 731 1337 »euge
762 1296 877 1324 serve
907 1283 1014 1323 bone
1045 1283 1085 1322 et
1115 1279 1263 1334 fidelis,
1301 1293 1427 1333 super
1456 1293 1589 1333 pauca
1619 1279 1736 1320 fuisti
1766 1278 1916 1330 fidelis,
1947 1292 2072 1333 supra

335 1351 463 1392 multa
493 1354 531 1391 te
564 1350 850 1391 constituam«.

444 1420 479 1459 2.
512 1417 665 1458 Verum
695 1416 879 1457 breviter
909 1431 932 1456 a
961 1415 1081 1456 nobis
1111 1414 1200 1455 istis
1233 1415 1283 1454 de
1315 1412 1444 1467 priori
1474 1412 1666 1463 lectione,
1701 1413 1746 1453 id
1789 1414 1852 1454 est
1880 1414 1930 1453 de
1961 1411 2073 1454 Aoth

335 1485 428 1535 fine,
459 1484 642 1537 repetitis
674 1484 888 1523 videamus
918 1495 1042 1532 nunc,
1073 1480 1196 1535 quale
1226 1481 1279 1521 sit
1310 1480 1437 1521 etiam
1466 1479 1720 1533 principium
1751 1478 1960 1533 Samegat‚
2002 1478 2074 1533 qui

267 1555 311 1589 ‘20
334 1552 633 1604 interpretatur
661 1549 719 1590 ibi
750 1551 922 1590 advena.
963 1547 1116 1588 Verum
1148 1549 1209 1588 est
1231 1547 1339 1588 enim
1364 1546 1462 1600 quia
1483 1560 1640 1598 omnes,
1673 1546 1744 1599 qui
1765 1548 1862 1587 sunt
1881 1545 2074 1588 homines

335 1618 424 1668 Dei,
455 1619 638 1658 advenae
670 1618 765 1657 sunt
794 1617 836 1656 in
868 1616 946 1656 hoc
976 1616 1135 1655 mundo
1167 1616 1207 1655 et
1236 1612 1398 1655 incolae
1428 1613 1473 1654 in
1501 1615 1627 1664 terra,
1670 1613 1777 1653 sicut
1807 1615 1848 1654 et
1877 1611 1960 1663 ille,
2003 1613 2075 1666 qui

335 1684 498 1725 dicebat
535 1683 750 1736 quoniam:
799 1680 959 1722 »incola
989 1694 1067 1735 ego
1098 1695 1190 1722 sum
1213 1681 1323 1733 apud
1344 1682 1384 1721 te
1405 1679 1583 1721 interra
1606 1682 1646 1721 et
1677 1680 1936 1734 peregrinus,
1967 1679 2074 1720 sicut

336 1765 477 1791 omnes
519 1752 659 1803 patres
700 1749 822 1790 mei«.
880 1747 934 1788 Et
975 1748 1086 1789 hunc
1129 1759 1230 1801 ergo
1261 1746 1461 1800 Samegat
1503 1748 1671 1788 sanctus
1702 1745 1882 1800 Spiritus
1923 1745 1983 1788 ibi
2012 1746 2074 1787 in-

336 1816 469 1858 colam
499 1816 615 1865 dicit,
656 1816 698 1856 id
731 1818 792 1856 est
822 1815 901 1856 hic.
959 1814 1080 1863 Quod
1111 1815 1222 1855 enirn
1253 1816 1398 1855 sancto
1429 1812 1615 1867 Spiritui,
1659 1813 1730 1866 qui
1765 1813 1809 1854 in
1839 1812 1966 1855 coelis
1997 1815 2071 1864 est,

267 1890 309 1923 25
334 1884 391 1924 ibi
434 1886 507 1933 est,
551 1882 669 1923 nobis
711 1881 777 1922 hic
819 1884 894 1923 est.
953 1880 1058 1930 Quid
1099 1893 1199 1935 ergo
1231 1880 1386 1922 dicitur
1427 1881 1478 1921 de
1521 1879 1747 1933 Samegat‘?
1807 1878 2065 1921 »Percussit«
2088 1890 2146 1917 246
2163 1887 2284 1916 Lomm-
2310 1870 2335 1919 θ’

334 1949 470 2002 inquit
504 1947 774 2002 »Allophylos
815 1948 858 1988 in
901 1947 1100 1989 sescentis
1137 1947 1238 1988 viris
1267 1947 1310 1987 in
1342 1947 1448 1988 stiva
1477 1971 1531 1975 —
1561 1945 1628 1988 vel
1656 1948 1795 2000 >pede<
1823 1970 1876 1975 -
1907 1947 2075 1988 aratri«.
2311 1944 2317 1953 ”

450 2094 469 2127 1
497 2092 572 2136 vgl.
597 2092 680 2126 Jnd.
705 2093 736 2134 3,
762 2092 842 2126 17ff
862 2111 905 2116 —-
931 2093 953 2126 3
980 2091 1056 2136 vgl.
1082 2091 1211 2125 Onom.
1238 2091 1333 2125 Sacr.
1353 2090 1386 2125 S.
1405 2091 1480 2133 190,
1497 2090 1541 2124 29
1559 2089 1740 2134 Lag-arde:
1759 2084 1901 2135 Ἔγλων
1924 2089 2072 2135 τροχιά;

337 2161 445 2194 Wutz
473 2172 503 2194 a.
522 2171 553 2194 a.
574 2160 613 2193 O.
642 2160 672 2194 S.
690 2160 766 2194 203.
785 2160 850 2194 640
875 2179 917 2183 —-
944 2160 965 2193 6
994 2158 1093 2193 diese
1110 2158 1323 2202 Erklarung
1347 2169 1416 2191 nur
1440 2157 1531 2199 hier,
1555 2157 1632 2202 vgl.
1657 2157 1770 2191 Wutz
1795 2169 1827 2191 a.
1845 2169 1876 2191 a.
1895 2156 1936 2192 O.
1963 2157 1994 2194 S.
2019 2159 2074 2194 93.

337 2229 412 2263 ⁸209·
439 2229 520 2267 5393
558 2227 651 2262 auch
676 2228 772 2262 hom.
797 2228 829 2269 S,
856 2228 874 2261 1
901 2227 1032 2261 anders
1069 2246 1113 2251 —
1149 2227 1173 2261 9
1205 2225 1282 2270 vgl.
1307 2225 1419 2260 Hebr.
1445 2226 1476 2268 4,
1502 2225 1545 2259 12
1569 2245 1612 2249 —
1638 2227 1689 2261 13
1715 2225 1790 2270 vgl.
1815 2225 1848 2259 11
1864 2225 1950 2260 Kor.
1976 2225 2029 2268 10,
2054 2227 2074 2261 5

337 2316 378 2319 -
417 2296 466 2330 16
490 2295 624 2329 Matth.
649 2295 702 2337 25,
729 2297 770 2329 21
808 2315 851 2318 —
890 2295 968 2330 19f
996 2294 1070 2338 vgl.
1096 2294 1234 2339 Procop
1262 2294 1397 2328 Comm.
1423 2293 1462 2327 in
1486 2293 1560 2328 Jos..
1585 2294 1675 2329 1053
1687 2296 1735 2328 A:
1771 2287 1807 2328 ‘O
1829 2292 1868 2329 δὲ
1893 2293 2074 2339 Σαμεγὰρ

338 2364 443 2406 δηλοῖ
464 2361 647 2405 πάροικος
665 2388 673 2396 .
693 2390 699 2397 .
718 2387 725 2395 .
744 2361 925 2407 πάροικος
950 2367 1017 2398 τοῦ
1041 2363 1128 2408 βίου
1143 2366 1209 2398 τοῦ
1227 2361 1428 2408 παρόντος;
1454 2360 1566 2395 Wutz
1593 2373 1624 2396 a.
1643 2373 1674 2396 a.
1693 2361 1734 2396 O.
1753 2361 1785 2396 S.
1803 2361 1848 2397 60
1870 2381 1915 2386 -
1941 2361 1991 2396 22
2017 2360 2075 2395 ΡΒ.

338 2430 474 2473 38139),
501 2430 542 2464 19
568 2449 608 2452 —
636 2431 685 2465 ‘25
711 2430 793 2463 Jud.
818 2431 848 2473 3,
874 2432 914 2465 31

453 2552 474 2586 2
501 2552 690 2586 interemit
715 2552 750 2585 F
840 2554 863 2587 3
890 2552 1032 2587 orbitae
1055 2552 1128 2586 EF
1147 2551 1289 2587 orbitas
1314 2551 1400 2586 BDe
1426 2551 1569 2587 orbitus
1593 2551 1615 2585 li:
1645 2551 1769 2586 orbita
1793 2551 1975 2595 AG,Del.‚
1998 2551 2074 2596 vgl.

339 2620 373 2653 Z.
399 2622 428 2657 ὃ,
467 2619 553 2653 aber
579 2620 671 2653 auch
697 2619 765 2654 den
793 2620 914 2654 ersten
939 2621 1104 2665 Apparat
1171 2621 1176 2662 Ι
1242 2632 1287 2651 ω
1312 2620 1350 2654 et
1373 2620 1468 2654 tales
1493 2630 1571 2654 esse
1595 2619 1628 2652 A
1748 2621 1766 2654 7
1806 2618 1887 2664 quis
1910 2617 2084 2653 BODEF

344 2689 388 2721 11
416 2687 470 2730 ut]
497 2688 532 2720 et
562 2686 592 2718 la*
616 2687 656 2720 ut
682 2692 722 2727 —†-
748 2689 784 2721 et
810 2686 845 2720 F
935 2688 984 2722 13
1012 2686 1168 2731 crassae]
1193 2698 1329 2731 pravae
1346 2687 1378 2720 A
1422 2688 1427 2731 Ι
1472 2687 1646 2722 adversus
1663 2686 1767 2722 ADG
1864 2686 1914 2722 14
1939 2685 2076 2721 intelli-

339 2753 504 2796 gentiam
532 2754 616 2787 ilEe
726 2755 774 2789 15
801 2754 893 2788 dicit
918 2754 949 2787 A
1046 2756 1110 2789 1ss
1142 2754 1259 2789 fidelis
1285 2759 1326 2795 -ὖ-
1344 2755 1440 2799 'quia
1468 2755 1722 2799 02·,Ald.Del.‚
1746 2754 1843 2790 nach
1867 2754 1931 2788 der
1955 2752 2076 2798 Vulg.,

341 2828 382 2858 <
408 2833 461 2865 gr.
487 2821 579 2855 Text
623 2822 626 2864 Ι
671 2822 791 2866 supra]
818 2834 922 2867 super
948 2822 1025 2866 AI),
1063 2823 1157 2857 nach
1183 2823 1246 2856 der
1271 2822 1382 2867 Vulg.
1501 2823 1550 2858 18
1575 2822 1650 2857 ista
1673 2822 1811 2859 ABOG
1855 2822 1860 2866 Ι
1902 2820 2024 2867 priore
2047 2819 2084 2855 F'

342 2889 389 2922 :21
418 2889 454 2922 et
479 2887 543 2922 ille
568 2895 610 2925 <
631 2891 658 2921 A
733 2890 782 2923 22
809 2890 982 2933 quoniam
1001 2897 1043 2927 <
1062 2890 1093 2923 A
1139 2891 1143 2933 Ι
1187 2903 1232 2921 Ν
1258 2902 1336 2924 sum
1362 2901 1429 2935 ego
1450 2890 1482 2923 D
1553 2892 1603 2927 23
1628 2903 1674 2922 m
1699 2890 1851 2936 spiritus
1875 2890 2024 2925 sanctus
2045 2887 2075 2921 G

341 2956 418 2990 :231⁸
440 2955 561 2990 incola
590 2956 614 2987 ,1
