2321 3512
817 904 1408 929 ********

344 981 403 1023 Ut
432 982 571 1024 verbis
602 983 691 1034 tibi,
722 983 866 1035 frater,
898 984 1012 1024 beati
1034 983 1231 1037 Martyris
1251 983 1414 1037 loquar,
1448 985 1549 1026 bene
1571 988 1784 1037 admones,
1816 987 1978 1028 Donate

234 1049 460 1091 carissime.
519 1047 631 1090 Nam
673 1053 714 1091 et
743 1051 983 1104 promisisse
1021 1064 1086 1090 me
1124 1051 1307 1100 memini,
1350 1054 1407 1101 ut,
1450 1052 1485 1093 si
1515 1066 1596 1105 qua
1626 1052 1709 1093 sint
1737 1053 1979 1094 Adamantii

235 1114 343 1156 senis
372 1115 417 1156 in
446 1114 583 1169 legem
604 1116 760 1170 Moysis
781 1117 905 1166 dicta,
937 1115 1181 1170 colligerem
1213 1119 1337 1169 atque
1368 1132 1415 1157 ea
1445 1116 1575 1171 latino
1606 1112 1799 1160 sermone*
1827 1120 1979 1160 nostris

191 1192 212 1226 5
233 1180 414 1235 legenda
443 1181 727 1223 transferrem.
787 1181 869 1223 Sed
898 1183 1138 1223 reddendae
1169 1182 1462 1236 pollicitationi
1494 1199 1578 1225 non
1599 1186 1904 1238 tempestivum,
1935 1189 1980 1226 ut

234 1247 306 1289 ille
337 1248 408 1298 ait,
445 1249 518 1288 sed
554 1251 886 1302 tempestuosum
922 1249 1042 1290 nobis
1072 1251 1237 1303 tempus
1269 1264 1315 1291 ac
1345 1250 1561 1291 turbidum
1591 1251 1681 1292 fuit.
1741 1251 1840 1300 Quis
1871 1253 1979 1292 em'm

234 1314 295 1356 ibi
324 1314 419 1356 stilo
450 1313 567 1355 locus
599 1318 673 1365 est,
705 1315 777 1356 ubi
808 1315 976 1356 hostilia
1005 1315 1090 1356 tela
1121 1318 1378 1366 metuuntur,
1411 1317 1481 1357 ubi
1510 1317 1553 1358 in
1581 1317 1711 1359 oculis
1733 1321 1794 1358 est
1814 1318 1980 1358 urbium

237 1392 522 1434 agrorumque
552 1383 746 1432 vastatio,
777 1382 847 1422 ubi
879 1381 1042 1435 fugitur
1071 1396 1146 1435 per
1175 1382 1338 1423 marina
1368 1384 1608 1425 discrimina
1640 1387 1680 1424 et
1708 1399 1758 1424 ne
1781 1384 1871 1437 ipsa
1892 1385 1980 1437 qui-

240 1448 334 1488 dem
357 1447 512 1500 absque
534 1451 647 1488 metu
670 1448 878 1488 habentur
900 1447 1052 1490 exilia?
1095 1448 1142 1489 In
1165 1452 1391 1502 conspectu
1413 1450 1578 1501 etenim,
1601 1453 1646 1491 ut
1666 1450 1836 1491 videbas
1859 1450 1982 1490 etiam

173 1519 216 1554 10
240 1513 341 1566 ipse,
372 1516 518 1555 nostro
541 1514 769 1564 Barbarus,
802 1514 874 1567 qui
896 1513 1049 1567 Regini
1071 1514 1215 1568 oppidi
1236 1515 1439 1556 miscebat
1458 1516 1663 1567 incendia,
1686 1516 1983 1571 angustissimo

241 1594 265 1620 a
294 1579 414 1621 nobis
445 1579 568 1630 freto,
601 1582 714 1633 quod
734 1578 879 1621 Italiae
911 1580 1046 1624 solum
1068 1580 1207 1622 Siculo
1242 1581 1413 1632 dirimit,
1445 1582 1674 1624 arcebatur.
1724 1582 1771 1623 ln
1798 1583 1860 1623 his
1883 1595 1983 1636 ergo

240 1645 386 1699 positis
417 1659 522 1699 quae
555 1660 642 1687 esse
674 1648 727 1686 ad
754 1647 1022 1687 scribendum
1053 1648 1254 1688 securitas
1284 1649 1421 1700 potuit
1451 1650 1490 1688 et
1519 1650 1741 1702 praecipue
1772 1651 1823 1689 ad
1854 1650 1982 1690 inter-

239 1714 514 1766 pretandum,
554 1712 626 1752 ubi
668 1726 752 1753 non
793 1714 851 1753 ita
893 1712 1086 1766 proprios
1130 1714 1324 1766 expedire
1351 1725 1512 1755 'sensus
1553 1718 1598 1755 ut
1640 1714 1797 1756 alienos
1839 1713 1980 1768 aptare

241 1778 522 1832 proponitur?
580 1777 739 1819 Tamen
770 1778 804 1818 si
835 1792 916 1831 qua
947 1793 1029 1820 nox
1061 1779 1223 1820 animos
1252 1779 1413 1822 minore
1445 1783 1557 1821 metu
1588 1781 1751 1822 hostilis
1773 1783 1981 1822 concussit

173 1854 217 1888 15
241 1844 393 1886 excidii
424 1847 464 1885 et
494 1844 622 1885 breve
654 1843 802 1886 saltem
833 1844 1082 1886 lucubrandi
1113 1845 1244 1887 otium
1276 1846 1410 1896 dedit,
1453 1846 1571 1900 quasi
1602 1849 1654 1887 ad
1683 1846 1866 1888 solamen
1898 1862 1981 1887 ma-

239 1910 377 1953 lorum
419 1910 707 1964 'levandaeque
737 1911 1087 1965 peregrinationis
1119 1912 1266 1966 gratia,
1309 1926 1594 1966 quaecumque
1624 1914 1668 1953 in
1698 1912 1981 1955 Numerorum

240 1977 409 2027 librum,
453 1976 539 2018 sive
570 1976 812 2018 homiletico
845 1976 952 2028 stilo,
993 1979 1080 2018 sive
1112 1978 1237 2019 etiam
1269 1993 1318 2019 ex
1348 1978 1424 2029 his,
1468 1993 1573 2033 quae
1603 1978 1812 2033 Excerpta
1841 1979 1982 2033 appel-

241 2043 396 2094 lantur,
427 2043 583 2096 scripta
612 2044 886 2097 repperimus,
919 2044 1032 2094 haec,
1075 2048 1330 2098 perurgente
1359 2048 1412 2092 te,
1444 2045 1648 2095 Romana,
1684 2049 1729 2086 ut
1758 2046 1982 2099 potuimus,

167 2164 171 2165 ⁷
243 2123 344 2151 voce
375 2123 424 2150 ex
456 2109 632 2150 diversis
662 2109 705 2150 in
734 2125 865 2150 unum
896 2110 1084 2152 ordinem
1117 2110 1293 2152 collecta
1324 2112 1591 2164 digessimus,
1628 2114 1668 2152 te
1699 2126 1863 2166 quoque
1893 2113 1984 2166 ipso

175 2181 219 2216 20
242 2175 287 2217 in
316 2190 442 2230 quam
472 2174 665 2229 plurimis
694 2176 877 2227 iuvante,
921 2175 1081 2227 Ursaci,
1123 2177 1255 2218 nostri
1286 2176 1486 2228 laborem,
1524 2179 1623 2218 dum
1655 2178 1779 2219 nimis
1810 2179 1985 2232 cupidus

243 2242 409 2296 pueruli
449 2243 601 2284 notarii
642 2244 811 2284 tardum
853 2245 975 2296 putas
1017 2257 1106 2284 esse
1141 2243 1432 2285 ministerium.
1493 2243 1613 2294 Scire,
1636 2247 1775 2285 tamen
1806 2244 1901 2286 volo
1931 2247 1984 2294 te,

245 2310 388 2365 frater,
432 2310 545 2363 quod
575 2309 679 2350 haec
709 2308 833 2351 lectio
866 2309 954 2350 vias
985 2309 1155 2363 quidem
1186 2310 1346 2364 aperiat
1374 2310 1688 2364 intelligentiae,
1732 2326 1815 2352 nou
1845 2314 1986 2352 tamen

246 2374 491 2429 singillatim
522 2377 685 2426 cuncta,
717 2390 822 2429 quae
853 2375 1009 2429 scripta
1031 2378 1139 2427 sunt,
1172 2376 1362 2427 disserat,
1392 2377 1500 2417 utin
1522 2376 1847 2430 explicationum
1868 2376 1985 2418 libris

245 2441 404 2495 legisti;
435 2456 518 2495 quo
549 2440 709 2482 scilicet
739 2442 865 2482 etiam
895 2440 1029 2483 lector
1058 2456 1143 2483 non
1171 2444 1376 2484 reddatur
1406 2442 1576 2494 otiosus,
1608 2445 1680 2484 sed
1710 2446 1885 2497 >pungat
1916 2457 1987 2485 cor

361 2551 400 2586 2.
425 2551 448 2586 5
475 2551 550 2595 vgl.
579 2551 684 2596 Cypr.
711 2551 757 2585 ad
782 2551 916 2586 Donat.
942 2554 960 2587 1
987 2572 1030 2577 -—
1055 2552 1137 2588 241’
1157 2552 1234 2598 vgl.
1262 2553 1329 2588 Sir.
1355 2553 1408 2597 2‘2,
1434 2553 1476 2588 19

363 2653 384 2687 1
411 2651 476 2686 der
499 2651 599 2686 Titel
626 2653 689 2687 des
715 2651 870 2697 Prologs
894 2653 987 2688 fehlt
1012 2654 1099 2688 oder
1123 2654 1174 2687 ist
1198 2653 1237 2688 in
1262 2654 1332 2688 den
1357 2654 1679 2689 verschiedensten
1704 2655 1859 2689 Formen
1884 2655 1986 2688 iiber-

249 2719 381 2763 Refert,
406 2719 544 2764 Prolog
568 2726 612 2757 <
636 2730 684 2761 m,
700 2720 779 2754 Am.
869 2721 892 2756 3
919 2722 1006 2756 sunt
1030 2721 1112 2755 Bad
1180 2721 1204 2756 4
1229 2720 1314 2766 lege
1339 2721 1375 2756 Β
1456 2722 1477 2756 5
1504 2721 1666 2755 edendae
1691 2734 1711 2754 (ι
1757 2722 1761 2764 Ι
1805 2721 1987 2766 pollicita.-

250 2786 347 2822 tioni
374 2786 412 2828 Ο,
427 2786 499 2820 Del.
526 2786 812 2831 pollicitationis
837 2787 939 2830 BDa,
970 2787 1082 2823 kaum
1107 2788 1248 2834 riehtig
1341 2790 1364 2823 6
1389 2789 1533 2834 tempus
1558 2795 1600 2826 <
1626 2788 1658 2821 B
1754 2790 1770 2824 7
1798 2789 1934 2823 hostr'a
1957 2788 1990 2822 B

253 2855 304 2889 10
339 2853 446 2898 regni
470 2864 494 2886 a
524 2854 603 2899 regi
628 2854 666 2888 in
692 2855 824 2900 oppido
855 2856 885 2892 0
999 2857 1044 2892 ll
1086 2857 1197 2901 quod]
1223 2857 1266 2890 ut
1295 2856 1325 2891 O
1450 2857 1499 2891 13
1538 2858 1662 2901 aptare
1692 2855 1728 2898 (Ὗ,
1743 2856 1816 2891 Del.
1843 2856 1988 2900 captare

251 2919 354 2963 BDa,
374 2921 476 2956 trotz
501 2921 597 2956 hom.
615 2922 669 2966 19,
688 2923 705 2956 1
731 2922 836 2957 nicht
861 2922 1001 2969 riohtig
1088 2925 1133 2959 17
1160 2924 1257 2958 libro
1283 2923 1360 2965 BG,
1375 2923 1460 2965 Del„
1485 2922 1559 2968 vgl.
1585 2923 1619 2956 Z.
1637 2926 1659 2957 4
1683 2935 1717 2957 u.
1744 2924 1775 2958 S.
1800 2924 1831 2966 2,
1857 2924 1888 2958 3.
1912 2927 1932 2958 4
1986 2923 1990 2966 ἱ

253 2987 464 3023 omeliatico
488 2988 540 3022 Be
594 2990 601 3033 Ι
656 2991 808 3035 excepta
831 2990 886 3024 Bk
991 2991 1042 3026 20
1067 2989 1188 3026 ursaci
1218 2989 1248 3026 G
1268 2989 1405 3024 ursacii
1429 2990 1487 3024 Ba
1512 2991 1643 3034 urs(a)e
1669 2991 1702 3024 I)
1807 2991 1856 3025 ‘21
1884 3003 1928 3020 Ν
1952 2991 1989 3023 te

253 3054 338 3090 volo
366 3054 416 3097 oq
509 3056 560 3091 24
584 3055 680 3101 legis
704 3057 738 3090 D

326 3113 508 3144 origenes
527 3113 599 3140 vn.
1686 3114 1703 3146 1

2006 1658 2040 1683 10
2060 1659 2176 1685 Lonuu
