2373 3522
281 1043 323 1075 10

280 1372 322 1407 15

350 331 427 370 260
1130 324 1306 369 Origenes

350 439 665 492 generationum
695 437 976 479 >mansiones<.
1009 451 1112 490 quas
1144 437 1333 479 Christus
1364 438 1464 478 fecit
1495 440 1753 479 descendens
1788 431 1827 478 in
1854 439 2124 492 Aegyptum·

352 504 494 545 mundi
525 503 660 552 huius,
703 503 795 556 ipso
826 517 1002 544 numero
1035 503 1314 557 quadraginta
1345 506 1385 545 et
1415 505 1518 545 duas
1550 504 1786 546 mansiones
1818 505 1990 553 faciunt,
2022 504 2093 557 qui

349 571 608 610 adscendunt
651 571 702 610 de
732 569 939 623 Aegypto.
1000 568 1054 610 Et
1099 570 1203 610 bene
1246 570 1520 611 observanter
1561 571 1701 623 posuit
1730 571 1896 624 Moyses
1932 570 2093 611 dicens:

353 637 685 676 »adscenderunt
714 635 791 675 filii
814 634 991 676 Istrahel
1022 650 1116 677 cum
1149 637 1303 676 virtute
1334 651 1447 678 sua«.
1506 636 1619 685 Quae
1651 639 1712 678 est
1739 637 1906 677 >virtus<
1936 650 2093 686 eorum.

303 714 319 745 ἴ
348 702 429 742 nisi
457 701 545 755 ipse
578 701 779 753 Christus,
822 703 893 756 qui
924 705 985 743 est
1014 703 1161 743 >virtus
1196 702 1317 744 Dei<z>
1376 703 1454 751 Qui
1485 715 1586 756 ergo
1618 704 1848 753 adscendit,
1880 718 1974 743 cum
2004 703 2094 756 ipso

347 769 578 818 adscendit,
608 769 677 822 qui
710 770 762 809 ad
794 784 867 810 nos
899 769 996 809 inde
1028 770 1258 810 deseendit.
1303 771 1347 809 ut
1379 768 1478 810 illuc
1508 771 1737 822 perveniat,
1770 772 1880 811 unde
1910 769 1980 811 ille
2012 784 2095 811 non

349 836 606 885 necessitate,
649 837 722 876 sed
754 835 998 888 dignatione
1030 836 1260 885 descendit,
1304 838 1349 876 ut
1379 850 1525 876 verum
1556 837 1609 877 sit
1638 835 1755 887 illud,
1792 838 1904 890 quod
1936 837 2093 877 dictum

349 904 422 952 est,
454 903 551 955 quia
585 902 678 955 »qui
711 903 940 952 descendit,
971 903 1060 955 ipse
1094 904 1154 942 est
1186 905 1225 942 et
1256 902 1327 955 qui
1359 902 1617 943 adscendit«.
1677 901 1812 957 Igitur
1840 903 1884 943 in
1916 903 2094 956 quadra-

349 969 465 1021 ginta
495 970 657 1009 duabus
687 968 974 1009 mansionibus
1005 968 1254 1021 perveniunt
1282 968 1359 1009 filii
1390 968 1566 1010 istrahel
1596 983 1727 1022 usque
1757 970 1809 1009 ad
1839 969 2093 1023 principium

349 1036 574 1088 capiendae
629 1035 887 1076 hereditatis
966 1034 1225 1087 Principium
1279 1050 1376 1076 xero
1426 1036 1656 1088 capiendae
1706 1035 1951 1076 hereditatis
1999 1035 2093 1084 fuit,

348 1102 419 1142 ubi
445 1101 596 1142 Ruben
628 1104 668 1142 et
690 1100 781 1142 Gad
814 1104 853 1142 et
884 1101 1059 1142 dimidia.
1090 1102 1226 1142 tribus
1246 1101 1441 1143 Manasse
1461 1101 1726 1168 accipiunt>
1712 1104 1884 1142 >terram
1907 1100 2094 1143 Galaada

348 1168 521 1209 Constat
561 1168 706 1221 itaque
748 1183 947 1209 numerus
989 1169 1271 1209 descensionis
1303 1149 1476 1209 Christi
1503 1183 1578 1222 per
1608 1168 1890 1222 quadraginta
1920 1170 1960 1208 et
1989 1170 2094 1210 duos

347 1237 487 1288 patres
518 1236 747 1275 secundum
780 1249 949 1291 carnem
980 1234 1096 1276 velut
1126 1249 1201 1287 per
1232 1235 1517 1288 quadraginta
1539 1236 1644 1275 duas
1666 1235 1904 1275 mansiones
1925 1235 2095 1276 descen-

348 1301 484 1342 dentis
527 1314 658 1354 usque
701 1303 753 1341 ad
796 1315 888 1350 nOS,
939 1304 978 1342 et
1019 1315 1094 1354 per
1136 1301 1313 1342 totidem
1357 1302 1597 1342 mansiones
1640 1303 1866 1341 adscensus
1911 1299 2094 1342 filiorum

348 1367 526 1408 Istrahel
556 1382 687 1421 usque
718 1369 769 1408 ad
800 1368 1046 1408 hereditatis
1073 1367 1305 1420 promissae
1338 1367 1604 1420 principium.
1657 1367 1815 1416 Quodsi
1842 1366 2095 1416 intellexisti,

350 1437 552 1488 quantum
579 1433 831 1474 sacramenti
853 1448 1050 1475 numerus
1072 1434 1150 1475 iste
1174 1435 1457 1475 descensionis
1478 1434 1847 1486 adscensionisque
1870 1433 2095 1484 contineat,

350 1501 442 1541 veni
473 1500 554 1541 iam
589 1503 628 1540 et
659 1500 909 1553 incipiamus
940 1515 1015 1554 per
1046 1516 1106 1550 ea,
1150 1516 1255 1554 quae
1288 1501 1506 1541 descendit
1536 1499 1740 1551 Christus,
1771 1502 2025 1541 adscendere
2056 1503 2096 1541 et

348 1568 527 1620 primam
564 1567 823 1608 mansionem
859 1567 982 1607 istam
1013 1566 1164 1618 facere,
1206 1581 1330 1620 quam
1376 1567 1446 1608 ille
1478 1567 1751 1608 novissimam
1782 1567 1893 1617 fecit,
1936 1567 2096 1608 scilicet

349 1647 431 1687 qua
467 1636 588 1674 natus
619 1649 667 1674 ex
699 1633 861 1687 virgine
894 1636 973 1682 est;
1018 1636 1056 1674 et
1086 1634 1191 1675 haec
1221 1634 1273 1675 sit
1304 1635 1440 1688 prima
1471 1634 1592 1675 nobis
1624 1634 1786 1676 mansio
1818 1635 1869 1675 de
1898 1634 2094 1688 Aegypto

350 1701 460 1742 exire
504 1699 751 1752 volentibus,
792 1700 838 1741 in
879 1715 960 1754 qua
991 1700 1138 1742 relicto
1181 1700 1391 1742 idolorum
1430 1700 1545 1742 cultu
1577 1703 1616 1741 et
1646 1700 1976 1751 daemoniorum,
2006 1714 2090 1742 non

349 1769 523 1809 deorum
566 1767 834 1808 veneratione
878 1767 1087 1808 credimus
1124 1766 1339 1808 Christum
1382 1769 1528 1808 natum
1570 1781 1619 1808 ex
1661 1766 1823 1821 virgine
1866 1769 1907 1808 et
1937 1765 2096 1820 Spiritu

349 1836 492 1875 sancto
525 1836 565 1874 et
585 1833 788 1875 >Verbum
820 1847 988 1875 carnem
1019 1834 1193 1874 factum<
1224 1834 1385 1875 venisse
1417 1834 1462 1874 in
1482 1834 1595 1875 hunc
1616 1835 1831 1875 mundum.
1873 1832 1974 1874 Post
1993 1833 2097 1874 haec

349 1902 433 1941 iam
463 1900 666 1954 proficere
699 1903 739 1941 et
769 1902 1020 1941 adscendere
1043 1902 1097 1941 ad
1118 1899 1306 1954 singulos
1329 1914 1514 1954 quosque
1535 1900 1635 1941 fidei
1657 1903 1696 1941 et
1717 1900 1920 1941 virtutum
1941 1901 2096 1954 gradus

350 1968 550 2016 nitamur,
583 1967 815 2021 quibusque
846 1966 881 2008 si
909 1969 996 2008 tam
1027 1967 1101 2008 diu
1130 1967 1418 2017 immoremur,
1450 1969 1585 2008 donec
1615 1968 1668 2026 ad
1698 1967 2096 2020 perfectum-venia-

282 2041 289 2053 ‘
351 2048 453 2085 mus,
496 2034 538 2074 in
576 2033 751 2087 singulis
781 2033 985 2074 virtutum
1017 2033 1218 2087 gradibus
1248 2033 1512 2089 mansionem
1542 2033 1691 2075 fecisse
1723 2034 1921 2083 dicemur,
1963 2048 2093 2087 usque

351 2115 432 2154 quo
463 2102 517 2141 ad
547 2115 755 2141 summum
777 2101 1116 2153 pervenientibus
1138 2101 1258 2142 nobis
1278 2100 1588 2141 institutionum
1609 2099 1957 2154 profectuumque
1979 2099 2095 2141 fasti-

350 2168 466 2221 gium
497 2168 705 2221 promissa
735 2166 996 2221 compleatur
1025 2167 1249 2209 hereditas.

459 2238 494 2275 4.
527 2233 610 2274 Sed
641 2236 681 2274 et
711 2233 844 2274 anima
875 2247 970 2274 cum
1002 2235 1051 2274 de
1073 2234 1267 2287 Aegypto
1289 2235 1398 2289 vitae
1420 2233 1543 2274 huius
1563 2233 1854 2287 proficiscitur,
1883 2235 1930 2274 ut
1949 2234 2095 2274 tendat

351 2303 404 2342 ad
433 2303 589 2342 terrain
620 2300 971 2354 repromissionis,
1003 2300 1142 2354 pergit
1171 2300 1406 2342 necessario
1437 2314 1513 2354 per
1543 2302 1745 2353 quasdam
1776 2299 1863 2341 vias
1894 2302 1935 2341 et
1961 2302 2096 2341 certas

280 2376 326 2410 30
351 2382 551 2422 quasque,
593 2369 638 2407 ut
680 2366 875 2417 diximus,
917 2366 1086 2407 conficit
1127 2367 1379 2409 mansiones.
1436 2366 1622 2415 Quarum
1653 2367 1778 2407 credo
1809 2380 1972 2407 memor
1999 2380 2095 2419 pro-

350 2435 476 2489 pheta
506 2434 690 2476 dicebat:
725 2433 851 2474 »haec
881 2435 1136 2474 memoratus
1158 2448 1263 2484 sum,
1295 2436 1336 2474 et
1358 2432 1486 2474 effudi
1506 2447 1633 2487 super
1652 2447 1718 2474 me
1740 2432 1923 2474 animam
1943 2447 2094 2483 meam,

2114 518 2169 544 376
2191 518 2259 545 Del.

2113 1716 2168 1742 339
2190 1706 2308 1743 Loium.

351 2501 547 2556 quoniam
581 2500 807 2554 degrediar
836 2500 879 2540 in
911 2498 1049 2541 locum
1080 2499 1343 2542 tabernaculi
1372 2499 1646 2550 admirabilis,
1676 2512 1806 2553 usque
1838 2500 1892 2540 ad
1922 2500 2095 2540 domum
2146 2535 2148 2539 ,

352 2568 468 2609 Dei«.
530 2566 638 2608 istae
681 2569 776 2607 sunt
819 2567 1057 2608 mansiones
1101 2570 1140 2607 et
1170 2567 1249 2607 ista
1279 2565 1562 2616 tabernacula,
1605 2568 1656 2607 de
1687 2565 1840 2620 quibus
1871 2568 1912 2606 et
1940 2566 1983 2606 in
2013 2565 2095 2607 alio

466 2743 490 2778 4
517 2743 623 2778 Num.
650 2745 703 2785 33,
729 2744 748 2778 1
773 2763 816 2768 —
845 2745 865 2778 5
892 2743 968 2788 vgl.
994 2743 1113 2778 IKoia
1143 2745 1172 2784 1,
1198 2743 1241 2776 ‘24
1266 2763 1308 2767 —
1335 2742 1357 2777 S
1384 2743 1516 2788 Ephes.
1540 2745 1572 2785 4,
1600 2742 1642 2777 10
1666 2761 1708 2766 —-
1735 2742 1782 2776 ll
1811 2742 1887 2787 vgl.
1913 2742 1986 2778 Jos.
2004 2743 2057 2785 17,
2074 2743 2096 2778 6

351 2832 393 2836 ——
420 2811 471 2846 22
496 2811 577 2846 Joh.
605 2813 634 2852 1,
662 2812 703 2845 14
728 2831 772 2836 -
798 2812 847 2847 31
874 2811 930 2845 Ps.
957 2812 999 2846 41
1019 2811 1101 2855 (42),
1127 2813 1146 2843 ἴ»

472 2974 488 3008 7
516 2973 572 3017 ut]
598 2973 636 3007 et
665 2971 694 3005 C'
740 2974 790 3008 10
814 2972 1086 3018 percipiendae¹
1105 2973 1139 3006 D
1187 2972 1266 3008 13r
1287 2973 1510 3007 descendens
1527 2972 1594 3015 1301,
1607 2972 1681 3007 Del.
1731 2972 1780 3008 19
1807 2971 1892 3016 qua]
1918 2970 1982 3016 qui
2005 2970 2096 3015 qu,

352 3040 433 3074 ΑΜ.
447 3040 522 3074 Del.
572 3040 620 3076 31
649 3040 767 3085 super]
784 3038 824 3074 in
846 3040 883 3083 Ο,
907 3040 1004 3075 nach
1020 3041 1084 3075 der
1102 3039 1215 3085 Vulg.
1268 3040 1324 3075 32.
1345 3038 1534 3084 ingrediar
1550 3039 1668 3082 Bdec*,
1681 3039 1763 3074 Ald.
1776 3039 1850 3074 Del.
1882 3041 1889 3082 1
1923 3038 1974 3084 in]
1999 3039 2046 3074 ad
2065 3040 2096 3073 A

351 3108 406 3150 (in
430 3107 556 3152 Vulg.'J
599 3108 604 3151 Ι
646 3107 728 3142 loco
758 3106 786 3141 O
827 3108 832 3150 1
877 3107 1106 3144 admirabilis
1132 3114 1174 3145 <
1200 3109 1229 3141 A
