2321 3512
10 2793 35 2834 η’

827 342 866 377 in
890 341 1069 377 Numeros
1093 341 1256 377 Homilia
1281 342 1376 385 VIII,
1402 346 1418 378 1
1943 351 1990 389 51

254 455 436 511 populus
460 454 537 497 ille
566 443 644 509 pro
665 454 951 508 quadraginta
971 454 1134 495 dierum
1155 453 1309 495 delicto
1332 456 1612 508 quadraginta
1633 455 1754 496 annis
1785 456 1994 497 cruciatur

254 524 299 564 in
329 524 494 564 deserto
524 534 602 562 nec
631 523 790 561 terram
821 522 1009 561 sanctam
1035 520 1210 561 introire
1231 521 1503 574 permittitur,
1535 521 1766 563 similitudo
1788 525 1994 575 quaedam

255 588 385 630 futuri
427 587 576 628 iudicii
616 584 786 628 videtur
815 586 992 638 ostendi,
1034 587 1106 627 ubi
1146 589 1416 639 peecatorum
1459 588 1567 628 ratio
1609 588 1870 630 discutienda
1913 593 1991 637 θεῖς

254 655 339 696 nisi
367 654 403 694 si
443 654 523 694 erit
564 652 704 706 aliqua
746 652 924 694 fortasse
968 653 1095 693 etiam
1136 653 1343 694 bonorum
1386 667 1559 705 operum
1602 655 1885 708 compensatio
1927 656 1994 697 vel

208 723 231 758 5
254 720 381 762 etiam
411 733 570 771 comm,
603 733 709 774 quae
739 719 799 760 >in
828 719 915 760 vita
946 732 1038 760 sua<
1062 719 1346 772 unusquisque
1368 718 1493 760 >mala
1517 721 1690 772 recipit<‚
1715 723 1758 761 ut
1781 721 1993 763 Abraham

253 787 307 828 de
337 785 493 827 Lazaro
522 786 681 834 docuit.
741 784 824 826 Sed
854 785 959 826 haec
989 783 1145 826 nullius
1175 788 1236 825 est
1267 787 1319 825 ad
1356 785 1573 838 integrum
1611 800 1730 827 nosse
1765 788 1841 827 nisi
1871 787 1993 832 illius.

254 853 322 894 cui
348 866 489 894 >omne
517 852 721 894 iudicium
750 851 927 893 tradidit
957 854 1104 905 pater<.
1153 851 1274 900 Quod
1305 854 1444 892 autem
1475 852 1563 892 dies
1594 853 1753 905 peccati
1774 853 1816 892 in
1838 868 1992 894 annum

254 932 414 979 poenae
443 921 678 972 reputetur,
708 932 795 960 non
824 917 960 959 solum
989 918 1035 958 in
1065 917 1147 959 hoc
1181 917 1303 968 libro,
1347 918 1390 957 in
1434 931 1515 971 quo
1558 917 1664 958 nihil
1707 919 1876 959 omnino
1919 923 1993 968 est,

180 975 183 977 ‚
235 986 367 1040 *quod
397 985 582 1027 dubitari
611 985 757 1039 possit,
788 984 1035 1035 ostenditur,
1068 986 1141 1025 sed
1173 986 1213 1025 et
1242 984 1286 1024 in
1307 983 1449 1024 libello
1472 983 1672 1034 Pastoris,
1703 986 1738 1025 si
1769 985 1833 1025 cui
1854 988 1994 1026 tamen

122 1086 125 1087 γ
186 1051 231 1087 10
255 1051 463 1112 scriptura
493 1050 567 1093 illa
598 1051 840 1105 recipienda
871 1050 1050 1102 videtur,
1080 1049 1234 1091 similia
1263 1050 1551 1104 designantur.
1610 1049 1692 1091 Sed
1714 1051 1889 1092 fortasse
1922 1051 1995 1091 ali-

254 1117 350 1172 quis
379 1120 506 1172 neget
534 1117 714 1159 bonitati
745 1117 821 1158 Dei
866 1117 1105 1167 convenire,
1145 1119 1190 1157 ut
1221 1131 1295 1170 pro
1338 1117 1461 1157 unius
1503 1117 1584 1157 diei
1626 1120 1797 1170 peccato
1840 1133 1995 1158 annum

254 1183 559 1238 suppliciorum
589 1185 814 1237 rependat;
846 1184 947 1238 quin
977 1184 1107 1224 immo
1141 1183 1264 1233 dicet,
1295 1183 1458 1224 etiamsi
1490 1183 1598 1223 diem
1629 1197 1705 1236 pro
1736 1184 1803 1224 die
1835 1186 1994 1233 reddat,

255 1250 447 1304 quamvis
475 1250 624 1301 iustus,
654 1265 740 1292 non
769 1252 911 1291 tamen
941 1249 1126 1291 clemens
1164 1249 1334 1290 videtur
1376 1263 1463 1290 esse
1501 1252 1571 1289 aut
1606 1249 1826 1303 benignus.
1884 1251 1995 1291 Audi

256 1327 356 1370 ergo
388 1317 442 1357 ad
470 1316 587 1368 haee,
619 1316 653 1358 si
685 1317 794 1358 forte
825 1316 1032 1370 possimus
1063 1315 1362 1357 difficultatem
1391 1315 1453 1356 rei
1491 1315 1691 1369 exemplis
1722 1314 1995 1357 lucidioribus

186 1386 231 1422 15
256 1381 496 1436 explanare.
556 1381 600 1424 Si
630 1382 780 1424 vulnus
810 1382 978 1436 corpori
1007 1382 1228 1436 infligatur
1257 1385 1327 1422 aut
1359 1395 1404 1434 os
1435 1381 1727 1435 confringatur
1757 1385 1828 1422 aut
1848 1397 1995 1424 nervo-

210 1446 214 1449 *
256 1461 351 1490 rum
385 1449 581 1490 iunctura
623 1449 870 1500 resolvatur,
911 1449 988 1489 sub
1032 1449 1153 1489 unius
1196 1448 1323 1490 horae
1367 1449 1501 1501 spatio
1543 1447 1779 1489 huiusmodi
1822 1448 1995 1490 vulnera

257 1513 393 1556 solent
422 1515 669 1568 corporibus
701 1515 892 1556 accidere
923 1517 963 1556 et
991 1514 1187 1568 plurimis
1208 1515 1479 1567 postmodum
1500 1514 1749 1554 cruciatibus
1771 1528 1816 1555 ac
1841 1514 1996 1555 dolori-

258 1581 336 1622 bus
366 1581 522 1622 exactis
553 1580 685 1622 multo
716 1581 784 1622 vix
815 1584 1003 1634 tempore
1035 1582 1194 1629 sanari3
1237 1581 1384 1634 quanti
1430 1579 1538 1620 enim
1580 1583 1763 1621 tumores
1805 1580 1849 1620 in
1891 1580 1995 1630 loco,

257 1650 416 1701 quanta
442 1650 654 1688 tormenta
686 1650 968 1702 generantur?
1018 1646 1110 1687 Iani
1140 1661 1239 1688 vero
1262 1647 1297 1687 si
1319 1641 1496 1696 accidat,
1528 1649 1573 1686 ut
1593 1646 1634 1686 in
1658 1648 1802 1686 eodem
1824 1646 1994 1687 vulnere

189 1719 236 1765 20
257 1712 324 1754 vel
352 1713 398 1754 in
427 1715 574 1754 eadem
606 1714 793 1754 fractura
823 1714 976 1753 iterum
1007 1716 1047 1753 et
1077 1714 1242 1766 saepius
1274 1713 1365 1766 quis
1388 1712 1631 1753 vulneretur
1653 1713 1994 1766 frequentiusque

256 1779 491 1834 frangatur,
523 1779 690 1834 quantis
720 1779 801 1820 hoc
831 1779 976 1833 poenis
1007 1779 1145 1819 curari
1177 1781 1217 1819 et
1249 1779 1416 1831 quantis
1447 1780 1585 1831 potest
1622 1778 1875 1819 cruciatibus
1913 1794 1996 1820 me-

257 1846 416 1888 dicari?
466 1845 632 1895 Quanto
664 1848 805 1886 autem
834 1849 1036 1899 tempore,
1069 1845 1105 1886 si
1134 1848 1276 1885 tamen
1306 1845 1504 1898 potuerit,
1548 1845 1600 1884 ad
1643 1845 1861 1885 sanitatem
1903 1860 1995 1898 per-

259 1912 453 1954 ducitur?
485 1915 525 1954 et
554 1912 624 1954 vix
655 1911 883 1965 aliquando
914 1912 973 1952 ita
1006 1911 1234 1962 curabitur,
1265 1914 1310 1951 ut
1344 1909 1407 1952 vel
1438 1909 1697 1951 debilitatem
1719 1911 1908 1964 corporis
1930 1911 1996 1952 vel

258 1978 507 2020 foeditatem
539 1977 749 2020 cicatricis
792 1977 978 2031 effugiat.
1037 1976 1190 2018 Transi
1233 1990 1342 2017 nunc
1384 1977 1437 2016 ab
1481 1975 1670 2029 exemplo
1713 1977 1899 2030 corporis
1942 1979 1995 2017 ad

190 2053 234 2089 25
259 2045 424 2086 animae
467 2049 656 2086 vulnera.
720 2044 873 2086 Anima
915 2044 1110 2097 quotiens
1154 2046 1312 2097 peccat,
1354 2044 1507 2083 totiens
1549 2042 1803 2084 vulneratur.
1861 2043 1916 2084 Et
1946 2058 1996 2084 ne

258 2111 423 2153 dubites
452 2111 636 2165 peccatis
667 2125 759 2152 eam
790 2109 904 2152 velut
933 2110 1029 2152 telis
1074 2113 1114 2151 et
1156 2109 1307 2164 gladiis
1349 2108 1574 2159 vulnerari,
1617 2109 1716 2150 audi
1746 2109 1993 2162 Apostolum

257 2179 513 2229 monentem,
546 2180 592 2219 ut
622 2179 893 2219 adsumamus
927 2179 1119 2218 »scutum
1149 2176 1260 2227 fidei,
1291 2177 1335 2217 in
1357 2190 1439 2230 quo
1461 2175 1651 2229 possitis«
1677 2176 1811 2229 inquit
1838 2177 1998 2217 »omnia

371 2353 395 2388 5
420 2353 496 2398 vgl.
522 2352 614 2388 Luk.
640 2354 692 2395 16,
719 2353 798 2389 19ff
830 2372 873 2378 —
915 2354 932 2388 7
959 2352 1035 2398 vgl.
1060 2352 1141 2386 Joh.
1166 2353 1197 2394 ὃ,
1223 2352 1267 2386 22
1302 2371 1344 2376 -—
1384 2352 1408 2385 9
1434 2352 1508 2396 vgl.
1534 2351 1655 2385 Herm.
1682 2351 1812 2385 Pastor
1837 2351 1920 2384 Sim.
1950 2350 1997 2384 vl

257 2420 290 2462 4,
314 2423 337 2455 4
362 2419 425 2464 (III
442 2419 475 2455 S.
500 2419 577 2462 166,
601 2421 645 2455 25
671 2419 946 2463 Gebh.-Harn.):
984 2423 1049 2463 τῆς
1073 2445 1081 2453 .
1101 2446 1108 2453 .
1127 2445 1134 2452 .
1161 2416 1302 2462 ἀπάτης
1335 2419 1355 2453 ὁ
1381 2418 1520 2462 χρόνος
1546 2415 1626 2462 ὥρα
1652 2415 1726 2453 ἐστὶ
1751 2418 1835 2461 μία,
1872 2421 1934 2460 τῆς
1959 2417 1995 2453 δὲ

257 2473 425 2535 βαῖἆνου
459 2488 481 2532 ὴ
519 2484 600 2531 ὥρα
636 2485 672 2521 λ’
698 2488 850 2532 ἡμερῶν
886 2485 1042 2530 δύναμιν
1068 2482 1153 2532 ἔχει.
1202 2484 1269 2521 ἐὰν
1295 2480 1360 2520 οὖν
1384 2486 1475 2527 μίαν
1502 2485 1644 2529 ἡμέραν
1668 2487 1832 2529 τρυφήσῃ
1856 2497 1910 2526 τις
1936 2510 1968 2517 ..
1989 2512 1995 2518 .

220 2548 349 2592 fauor
383 2543 554 2590 ἐνιάυτὸν
586 2553 700 2598 ἰσχύει
724 2555 743 2598 ¹⁴1
770 2552 890 2599 ἡμέρα
913 2558 978 2597 τῆς
1000 2555 1169 2600 βασάνου
1206 2573 1248 2578 -
1286 2552 1378 2588 1511’
1409 2553 1484 2597 vgl.
1509 2552 1656 2597 Origen.
1683 2552 1720 2585 in
1746 2551 1875 2585 Ezech.
1901 2552 1996 2586 hom.

206 2604 217 2607 l
259 2622 313 2665 10,
336 2621 374 2657 4:
410 2621 592 2666 quomodo
631 2621 794 2663 vulnera,
831 2632 926 2666 quae
961 2621 1000 2656 in
1037 2632 1187 2667 corpore
1223 2622 1319 2662 sunt,
1357 2630 1463 2665 saepe
1487 2631 1600 2664 parvo
1624 2620 1788 2664 tempore
1813 2618 1996 2659 accidunt,

202 2714 208 2719 -
258 2689 424 2725 medelae
447 2699 534 2724 vero
560 2688 754 2733 vulnerum
780 2698 863 2723 cum
887 2688 1084 2724 tormentis
1112 2687 1328 2733 ingentibus
1346 2687 1581 2728 adhibentur,
1694 2687 1745 2720 sic
1771 2688 1808 2721 et
1919 2696 1995 2730 pec-

259 2758 354 2799 cata,
391 2768 474 2791 cum
509 2755 549 2790 in
584 2767 697 2802 parvo
734 2757 898 2802 tempore
931 2754 1121 2791 infelicem
1146 2755 1307 2790 animam
1333 2753 1534 2788 illexerunt
1561 2779 1568 2787 .
1588 2779 1596 2788 .
1615 2779 1645 2795 .,
1670 2764 1844 2797 magnum
1872 2754 1994 2796 postca

258 2825 402 2870 tempus
426 2823 466 2858 in
491 2823 680 2869 suppliciis
706 2850 713 2858 .
733 2850 741 2858 .
760 2850 767 2858 .
791 2824 1048 2869 promerentur
1071 2842 1115 2847 —
1141 2824 1190 2858 ‘27
1219 2822 1350 2867 Ephes.
1375 2822 1406 2862 6,
1434 2822 1475 2855 16

373 2979 393 3014 1
420 2977 487 3013 ille
511 2982 553 3019 -1-
578 2977 678 3023 prior
705 2977 743 3020 C,
757 2977 832 3012 Del.
876 2978 882 3022 Ι
923 2977 1003 3022 pro]
1027 2976 1129 3022 prior
1153 2976 1189 3011 R
1257 2977 1280 3011 3
1306 2978 1363 3011 est
1388 2982 1430 3012 <
1456 2976 1490 3010 R
1558 2975 1581 3009 4
1609 2974 1636 3008 si
1665 2980 1706 3010 <
1734 2973 1903 3014 l)E,-=1ld.
1922 2974 1994 3007 Ilel.

263 3051 265 3088 ξ
315 3045 346 3081 εἰ
371 3045 455 3090 erit]
478 3045 583 3080 fieret
605 3045 641 3079 R
739 3045 761 3079 5
786 3043 926 3089 recepit
950 3043 983 3077 B
1075 3044 1097 3078 6
1124 3043 1217 3078 dicit
1245 3044 1275 3078 C
1367 3043 1446 3079 lor
1465 3042 1599 3086 aliquis
1623 3054 1645 3074 (ι
1740 3041 1789 3075 12
1815 3039 1905 3074 dicit
1935 3040 1998 3073 til-J

260 3112 474 3150 minatum
497 3111 553 3146 Db
595 3114 602 3155 Ι
643 3111 843 3157 benignum
870 3110 960 3145 ADb
1039 3111 1089 3146 17
1115 3111 1283 3155 pluribus
1309 3109 1341 3143 B
1416 3111 1465 3145 ‘21
1493 3121 1619 3144 curare
1648 3108 1746 3141 „lIJ‘J
1787 3108 1792 3150 Ι
1836 3108 1871 3141 et
1897 3114 1938 3143 <
1968 3106 1996 3138 Ι)

1653 3164 1697 3198 4*

2015 465 2048 489 τι
2068 464 2187 491 Lomm.

2018 2123 2051 2146 Γ.)
2074 2122 2188 2148 Lomm.
