2373 3522
269 1049 311 1083 10

271 1380 313 1413 15

335 340 409 379 124
1114 337 1292 382 Origenes

334 449 470 501 posito
502 447 569 489 vel
600 463 647 488 ex
681 447 827 488 merito
859 448 1087 501 patiuntur,
1125 462 1229 502 opus
1260 450 1401 489 tamen
1430 449 1617 501 ipsorum
1647 447 1815 502 proficit
1843 449 1896 488 ad
1926 446 2083 488 utilita-

334 518 418 555 tem
463 529 619 564 eorum,
663 514 827 567 quibus,
871 527 975 566 quae
1020 514 1129 554 bona
1159 517 1200 555 et
1228 513 1349 555 utilia
1378 516 1488 565 sunt,
1530 515 1765 568 parantur),
1807 514 1866 555 ita
1898 515 1938 554 et
1968 513 2083 563 haec,

335 582 385 621 de
429 581 580 633 quibus
622 579 936 633 proposuimus:
979 580 1092 621 Deus
1135 580 1308 634 quidem
1351 580 1555 621 malitiam
1598 596 1682 622 non
1719 580 1830 629 fecit,
1869 580 2085 621 inventam

336 650 476 687 tamen
507 660 556 687 ex
586 646 794 700 propositi
824 646 1059 687 intentione
1091 660 1249 697 eorum,
1293 647 1364 700 qui
1401 645 1666 688 declinarunt
1696 662 1719 687 a
1748 647 1816 687 via
1845 648 1971 697 recta,
2015 659 2086 687 au-

335 714 444 753 ferre
473 712 640 766 penitus
672 710 807 753 noluit
837 713 1063 766 providens
1093 713 1174 754 hoc
1204 714 1330 766 quod,
1363 713 1527 753 etiamsi
1554 712 1638 754 illis
1669 716 1778 754 esset
1806 712 1980 763 inutilis,
2012 712 2083 765 qui

335 793 381 819 ea
411 779 650 830 utebantur,
692 778 851 820 faceret
893 793 983 819 eam
1025 782 1167 821 tamen
1202 778 1349 820 utilem
1392 779 1469 830 his,
1512 780 1737 820 adversum
1779 792 1883 832 quos
1919 792 2083 820 exerce-

335 846 471 887 batur.
536 844 591 886 Et
638 844 733 886 ideo
780 845 975 899 refugere
1026 846 1195 899 quidem
1239 845 1493 887 omnimodis
1535 844 1754 896 debemus,
1802 859 1854 886 ne
1884 858 2083 898 umquam

336 911 497 952 malitia
538 912 779 953 inveniatur
818 911 862 951 in
905 911 1046 961 nobis;
1089 913 1130 952 in
1166 911 1258 952 aliis
1289 926 1389 953 vero
1420 912 1586 952 vincere
1619 925 1724 961 eam,
1765 926 1848 953 non
1879 911 2084 965 perimere

337 979 591 1019 studendum
634 980 707 1028 est,
752 979 851 1030 quia
895 980 935 1018 et
979 977 1055 1029 illi,
1098 979 1142 1018 in
1184 977 1335 1031 quibus
1367 980 1429 1019 est
1452 976 1632 1028 malitia,
1676 976 1833 1031 aliquid
1863 977 2086 1019 necessarii

336 1044 474 1097 operis
505 1044 728 1085 conferunt
757 1045 1036 1087 universitati.
1086 1043 1204 1086 Nihil
1235 1045 1345 1085 enim
1379 1044 1572 1095 otiosum,
1602 1043 1707 1084 nihil
1737 1043 1861 1085 inane
1893 1046 1955 1085 est
1975 1044 2088 1097 apud

336 1110 485 1161 Deum,
528 1111 626 1163 quia
667 1111 752 1151 sive
795 1111 907 1152 bono
950 1112 1164 1165 proposito
1206 1111 1389 1152 hominis
1429 1110 1562 1151 utitur
1602 1112 1655 1151 ad
1695 1111 1807 1152 bona
1848 1110 1934 1151 sive
1975 1108 2087 1150 malo

337 1177 470 1218 utitur
501 1178 553 1217 ad
585 1177 829 1219 necessaria.
889 1176 972 1218 Sed
1003 1177 1149 1220 beatus
1180 1177 1273 1227 eris,
1318 1178 1352 1217 si
1382 1177 1516 1231 magis
1548 1191 1598 1218 ex
1627 1176 1867 1226 virtutibus,
1910 1189 2015 1230 quae
2045 1176 2090 1216 in

338 1247 377 1284 te
409 1246 517 1294 sunt,
559 1243 798 1284 inveniatur
826 1244 927 1285 boni
958 1243 1119 1297 aliquid
1149 1258 1198 1284 ex
1228 1246 1269 1285 te
1299 1243 1409 1285 vitae
1440 1243 1563 1285 huius
1592 1243 1845 1285 universitas
1876 1243 2089 1297 consequi,

340 1311 446 1351 sicut
476 1309 547 1358 illi,
578 1311 629 1350 de
661 1310 813 1363 quibus
844 1311 946 1351 dicit
976 1310 1204 1364 Apostolus
1235 1309 1406 1353 Petrus:
1441 1312 1510 1351 »111
1540 1311 1630 1351 81118
1661 1309 1768 1351 816111
1796 1309 2020 1350 luminaria
2048 1309 2092 1349 in

339 1378 419 1418 hoc
451 1378 620 1427 mundo,
662 1377 837 1417 verbum
868 1378 978 1417 vitae
1023 1378 1325 1418 continentes«.
1386 1378 1452 1417 Ad
1483 1375 1661 1429 gloriam
1693 1378 1789 1417 sunt
1820 1388 1921 1429 ergo
1951 1389 2093 1417 neces-

341 1444 450 1484 saria
479 1443 704 1484 luminaria
734 1444 893 1483 mundo
923 1442 1032 1483 huic.
1074 1442 1129 1483 Et
1161 1444 1263 1496 quid
1293 1445 1381 1483 tam
1412 1441 1670 1495 delectabile,
1702 1442 1803 1495 quid
1823 1444 1911 1482 tam
1932 1442 2094 1496 magni·

340 1509 467 1550 ficum
498 1523 625 1562 quarn
657 1507 891 1567 opusflsolis
922 1511 962 1549 et
990 1508 1129 1559 lunae,
1173 1524 1196 1549 a
1233 1509 1384 1562 quibus
1419 1508 1683 1549 illuminatur
1712 1509 1922 1550 mundus?
1980 1506 2093 1561 Opus

342 1578 402 1617 est
432 1579 574 1616 tamen
603 1575 683 1628 ipsi
714 1576 872 1616 mundo
905 1575 1030 1616 etiam
1060 1575 1234 1629 angelis,
1265 1575 1350 1629 ,qui
1380 1574 1462 1616 sint
1492 1589 1618 1628 super
1645 1574 1816 1625 bestias,
1847 1576 1888 1616 et
1918 1573 2093 1627 angelis,

341 1642 412 1697 qui
442 1642 627 1696 praesint
669 1641 846 1682 terrenis
890 1641 1109 1684 exercitiis.
1167 1641 1282 1695 Opus
1319 1644 1382 1682 est
1413 1644 1453 1682 et
1482 1640 1654 1695 angelis,
1692 1641 1764 1694 qui
1793 1639 1979 1695 praesint
2008 1640 2094 1681 ani-

273 1715 316 1749 20
342 1708 516 1750 malium
565 1708 797 1759 nativitati,
849 1708 1133 1762 virgultorum
1176 1708 1569 1762 plantationumque
1614 1710 1654 1749 et
1695 1709 1843 1749 ceteris
1876 1705 2095 1748 >ruralibus

341 1775 624 1820 incrementis.
673 1774 728 1815 Et
758 1789 925 1816 rursum
956 1775 1119 1828 angelis
1150 1789 1256 1828 opus
1286 1777 1358 1826 est,
1391 1775 1462 1827 qui
1491 1775 1678 1828 praesint
1710 1774 1906 1827 operibus
1927 1773 2093 1823 sanctis,

343 1842 415 1895 qui
446 1844 639 1882 aeternae
682 1841 786 1882 lucis
820 1841 1082 1882 intellectum
1114 1844 1154 1882 et
1184 1841 1444 1882 occultorum
1477 1840 1555 1881 Dei
1586 1841 1844 1894 agnitionem
1875 1854 1923 1880 ac
1953 1854 2093 1881 rerum

344 1909 581 1950 divinarum
624 1908 842 1948 scientiam
885 1909 1073 1950 doceant.
1132 1907 1238 1949 Vide
1282 1920 1397 1962 ergo,
1439 1922 1491 1948 ne
1533 1910 1572 1947 te
1604 1907 1694 1961 ipse
1725 1907 1855 1962 facias
1884 1906 1995 1947 inter
2025 1920 2094 1947 eos

344 1974 516 2029 angelos
546 1974 739 2025 inveniri,
782 1975 855 2028 qui
882 1974 1028 2015 bestiis
1057 1976 1276 2027 praesunt,
1320 1973 1354 2014 si
1395 1973 1608 2015 beluinam
1640 1973 1808 2014 duxeris
1838 1972 1981 2023 vitam,
2023 1974 2094 2013 aut

275 2044 319 2078 25>
342 2042 453 2081 inter
496 2055 578 2091 eos,
622 2040 692 2094 qui
729 2040 908 2082 terrenis
940 2040 1136 2093 operibus
1167 2042 1382 2094 praesunt,
1427 2041 1461 2081 si
1492 2054 1694 2093 corporea
1725 2041 1766 2080 et
1795 2041 1962 2080 terrena
1992 2038 2094 2080 dile-

342 2108 468 2149 116118.
523 2106 605 2148 Sed
635 2108 734 2147 satis
765 2120 856 2161 age,
888 2108 1100 2160 quomodo
1130 2107 1266 2160 magis
1297 2107 1526 2148 adsumaris
1557 2108 1609 2147 ad
1639 2106 1882 2148 societatem
1911 2104 2094 2146 Michael

343 2173 496 2227 angeli,
541 2174 611 2226 qui
655 2173 865 2214 orationes
897 2175 1138 2215 sanctorum
1168 2187 1334 2227 semper
1364 2172 1488 2214 offert
1519 2173 1619 2214 Deo.
1677 2173 1923 2214 Adsumeris
1954 2173 2091 2212 autem

343 2241 386 2281 in
428 2241 538 2281 hunc
578 2234 800 2282 numerum
831 2239 898 2281 vel
928 2240 971 2280 in
1001 2240 1114 2281 istud
1145 2239 1345 2290 officium,
1389 2240 1424 2280 si
1452 2239 1618 2280 insistas
1649 2253 1815 2292 semper
1845 2237 2025 2280 orationi
2056 2242 2095 2279 et

460 2386 510 2420 14
537 2384 632 2418 Phil.
659 2385 690 2426 Ξ),
717 2386 768 2419 15.
795 2384 838 2419 16
862 2404 906 2408 -
933 2384 1026 2419 17ff
1046 2384 1120 2429 vgl.
1150 2383 1299 2429 Origen.
1325 2385 1369 2418 de
1394 2383 1508 2429 princ.
1534 2384 1633 2425 1113,
1651 2385 1671 2418 3
1699 2383 1730 2418 S.
1749 2383 1968 2418 259ffKoe.:
2008 2383 2095 2416 sunt

345 2454 536 2497 praeterea
573 2451 685 2486 etiam
723 2451 820 2487 aliae
932 2452 1112 2496 quaedam
1148 2450 1258 2486 huius
1294 2451 1423 2486 mundi
1456 2451 1629 2496 energiae
1655 2477 1662 2485 .
1682 2477 1690 2485 .
1711 2477 1716 2483 .
1742 2451 1786 2485 ut
1810 2449 1860 2485 sit
1884 2449 2004 2485 virtus
2031 2475 2038 2483 .
2058 2475 2065 2483 .
2086 2475 2093 2482 .

346 2531 439 2563 quae
476 2519 634 2564 respirat
659 2519 852 2564 poeticam,
890 2519 964 2553 alia
996 2531 1090 2563 quae
1115 2518 1359 2564 geometriam
1385 2519 1422 2553 et
1446 2518 1502 2553 ita
1526 2529 1693 2563 quaeque
1717 2517 1883 2563 singulas
1908 2544 1915 2552 .
1935 2543 1943 2552 .
1962 2544 1969 2551 .
1996 2518 2094 2551 artes

346 2586 634 2631 disciplinasque
659 2587 932 2629 commoveant3
972 2599 1000 2621 6.
1028 2586 1119 2621 Cels.
1138 2586 1300 2627 V111313
1337 2586 1376 2620 in
1400 2587 1474 2621 Jos.
1499 2586 1597 2621 hom.
1622 2587 1676 2627 23,
1701 2587 1737 2626 3;
1776 2585 1816 2620 in
1840 2585 1972 2620 Jerem.
1997 2585 2093 2619 hom.

347 2654 398 2697 10,
425 2654 461 2695 6;
487 2653 525 2687 in
551 2653 681 2688 Ezech.
707 2653 738 2695 4,
764 2654 802 2694 2;
828 2653 937 2694 Huet,
964 2653 1112 2699 Origen.
1139 2666 1199 2698 qu.
1224 2655 1256 2696 ἴ),
1281 2654 1325 2689 29
1349 2673 1393 2678 -—
1427 2654 1475 2688 26
1503 2653 1578 2698 vgl.
1605 2652 1754 2698 Origen.
1780 2653 1825 2687 de
1849 2651 1965 2697 princ.
1990 2651 2007 2685 Ι
2024 2651 2056 2694 8,
2075 2653 2091 2685 1

346 2721 379 2756 S.
397 2721 451 2763 94,
471 2721 513 2756 18
522 2722 561 2755 ff:
589 2722 632 2755 ut
648 2720 829 2755 Michaelo
855 2721 1069 2756 mortalium
1095 2732 1220 2767 preces
1246 2720 1608 2766 supplicationesque
1633 2731 1761 2756 curare
1779 2721 1842 2764 (sc.
1859 2718 2094 2763 iniungatur)

345 2801 379 2824 u.
405 2789 572 2832 Bousset,
599 2788 799 2823 Judcntum
828 2789 878 2822 im
905 2789 1063 2823 neutest.
1090 2788 1266 2823 Zeitalter
1293 2789 1323 2824 S.
1342 2790 1405 2823 321

461 2913 482 2947 5
508 2910 727 2956 praevidens
759 2912 788 2947 C
879 2913 929 2947 14
956 2911 1052 2946 816111
1078 2915 1119 2952 -†-
1145 2912 1183 2945 et
1206 2911 1240 2944 B
1293 2911 1298 2954 Ι
1354 2910 1502 2946 dicebat
1527 2910 1560 2943 Β
1614 2911 1618 2954 Ι
1669 2909 1812 2954 Ρ611118]
1840 2907 1977 2942 Paulus
2001 2906 2093 2948 E203

347 2990 383 3013 68
408 2979 504 3023 liegt
528 2978 627 3013 wohl
652 2978 712 3013 ein
740 2979 925 3014 Versehen
950 2979 1077 3013 Rufins
1102 2990 1170 3014 vor
1243 2979 1323 3014 161’
1344 2978 1433 3023 quid
1457 2979 1535 3013 tam
1560 2977 1798 3023 magnificum
1817 2982 1859 3013 <
1878 2976 1911 3010 D
1982 2976 2031 3011 19
2058 2975 2096 3009 et

347 3054 389 3085 <
419 3047 638 3089 0,Al‹l.Del.
684 3047 688 3089 Ι
733 3047 770 3080 et
796 3074 829 3081 ..
848 3073 855 3081 .
882 3045 1046 3092 praesint
1071 3052 1113 3084 <
1138 3045 1173 3078 Ε
1217 3083 1219 3087 Α
1265 3046 1313 3081 21
1341 3057 1467 3080 rursus
1492 3045 1563 3079 AC
1652 3045 1702 3080 23
1731 3057 1775 3079 ne
1801 3050 1841 3086 -†—
1869 3044 1908 3078 et
1937 3044 1968 3079 Ο
2007 3042 2012 3087 Ι
2056 3042 2104 3076 te*

348 3116 452 3154 -l-et
476 3115 499 3147 d

2105 724 2160 750 163
2182 723 2301 753 Lomm.

2117 2181 2172 2208 324
2193 2181 2262 2208 nel.
2339 2162 2373 2226 J}
