2373 3314
311 147 390 187 420
1085 140 1262 185 Origenes
1285 166 1292 172 .

311 254 515 308 paulatim
545 260 700 308 purgat
730 254 976 306 adspectum
1008 257 1049 294 et
1077 255 1178 294 tunc
1199 254 1362 294 demum
1387 253 1541 294 sentire
1572 251 1794 306 incipimus
1816 251 1912 304 quia
1933 251 2051 293 cibus

310 320 380 362 ille
412 320 477 361 vel
507 322 630 373 potus
661 319 820 373 profuit
849 319 993 361 oculis.
1052 318 1134 361 Sed
1165 322 1205 360 et
1233 319 1277 360 in
1306 319 1399 361 aliis
1430 318 1624 360 similiter
1650 319 1837 371 corporis
1862 317 2051 371 partibus

312 389 456 427 eadem
485 386 578 427 fieri
607 385 756 428 solent.
815 385 907 427 Hoc
938 399 1038 440 ergo
1069 387 1196 427 modo
1228 387 1480 427 credendum
1514 387 1576 426 est
1606 384 1730 426 etiam
1762 386 1812 425 de
1843 384 2050 438 scriptura

311 456 454 503 sancta
485 453 582 507 quia
611 452 742 494 >utilis
774 455 851 494 est<
891 455 931 493 et
961 452 1123 493 animae
1160 453 1344 506 prodest,
1388 453 1513 493 etiam
1555 452 1590 493 si
1632 465 1775 492 sensus
1817 454 1959 492 noster
1999 452 2051 491 ad

267 525 286 558 5
310 533 507 573 praesens
528 518 851 573 intelligentiam
875 533 959 560 non
982 520 1106 573 capit,
1129 519 1343 572 quoniam,
1363 521 1410 560 ut
1431 518 1623 568 diximus,
1646 520 1686 559 et
1707 518 1839 559 bonae
1861 517 2051 567 virtutes,

311 600 416 639 quae
447 586 568 627 nobis
599 575 762 637 adsunt,
793 585 1040 626 reficiuntur
1068 586 1112 626 in
1154 585 1219 626 his
1249 585 1511 637 sermonibus
1542 587 1583 625 et
1612 586 1842 638 pascuntur
1878 587 1918 624 et
1954 587 2052 625 con-

311 652 462 693 trariae
493 655 738 706 torpescunt
766 652 830 693 his
860 651 1202 694 meditationibus
1234 654 1275 693 et
1305 650 1556 705 effugantur.
1614 649 1696 692 Sed
1739 650 1917 692 fortasse
1951 649 2054 691 dicit

311 717 460 772 aliquis
489 718 746 760 auditorum:
778 719 880 760 haec
912 719 1032 760 nobis
1059 719 1217 759 idcirco
1239 719 1356 769 dicis,
1386 721 1433 758 ut
1451 720 1492 759 te
1516 718 1567 758 ab
1591 717 1732 758 officio
1759 715 2053 770 disputationis

310 798 479 826 excuses
522 788 562 827 et
601 786 645 826 in
686 786 751 827 his
781 785 902 827 finias
943 799 1076 838 neque
1120 785 1343 839 quicquam
1383 798 1554 839 prorsus
1595 783 1663 825 vel
1705 798 1752 824 ex
1783 783 1861 834 his,
1903 783 2054 837 quibus

244 855 285 890 10
309 851 506 904 possibile
537 854 610 903 est,
643 851 938 893 consolationis
970 851 1165 893 exhibeas
1197 865 1331 904 neque
1362 854 1407 892 ut
1427 850 1653 892 Dominum
1676 850 1912 904 depreceris
1933 864 2052 903 prae—

309 919 418 959 stare
451 919 631 972 gratiam
661 933 775 959 suam
806 920 859 960 ad
888 917 1113 959 revelanda
1144 932 1202 969 ea,
1234 932 1340 971 quae
1361 916 1470 958 lecta
1490 920 1598 968 sunt,
1629 919 1675 957 ut
1704 931 1879 970 parvum
1901 914 2049 957 saltem

311 984 450 1025 cibum
482 999 531 1025 ex
562 984 821 1027 occultorum
863 988 904 1026 et
945 978 1201 1026 secretorum
1244 983 1532 1038 explanatione
1575 997 1798 1024 sumamus.
1847 981 1946 1024 Non
1973 983 2053 1023 ista

314 1053 364 1092 de
395 1065 520 1092 causa
549 1051 654 1093 haec
683 1051 864 1092 diximus
893 1065 969 1092 nec
992 1053 1238 1092 excusantes
1259 1065 1335 1092 nos
1355 1051 1436 1091 ista
1456 1049 1720 1103 protulimuS,
1750 1051 1821 1090 sed
1847 1052 1894 1090 ut
1915 1052 2050 1091 osten-

310 1119 502 1158 deremus
532 1119 575 1158 in
605 1118 824 1171 scripturis
855 1117 1009 1158 sanctis
1031 1131 1118 1158 esse
1139 1117 1225 1158 vim
1248 1118 1472 1171 quandam,
1504 1130 1610 1170 quae
1640 1115 1798 1170 legenti
1819 1115 1943 1157 etiam
1964 1117 2052 1157 sine

243 1187 285 1221 15
311 1184 604 1238 explanatione
634 1184 828 1227 sufficiat.

421 1253 458 1293 3.
499 1250 622 1292 Nunc
652 1265 765 1302 vero,
796 1251 995 1306 quoniam
1026 1264 1111 1291 non
1140 1250 1262 1291 nobis
1293 1249 1449 1290 sufficit
1477 1252 1655 1303 tempus,
1686 1252 1733 1290 ut
1762 1251 1814 1290 de
1845 1249 2050 1301 omnibus,

310 1332 415 1371 quae
445 1317 552 1359 lecta
581 1320 690 1369 sunt⁷
721 1319 982 1369 disseramus,
1013 1316 1080 1359 vel
1101 1331 1234 1371 pauca
1255 1316 1416 1369 saltem,
1447 1319 1573 1370 prout
1593 1315 1796 1357 Dominus
1818 1316 2050 1367 donaverit,

307 1384 649 1438 perstringemus.
707 1383 889 1437 Initium⁴
911 1384 1224 1425 distribuendae
1246 1383 1504 1434 hereditatis,
1537 1397 1661 1436 quam
1684 1382 1798 1424 Iesus
1824 1383 2050 1434 distribuit,

307 1450 455 1504 incipit
485 1467 508 1491 a
538 1450 708 1494 Chaleb.
768 1451 876 1492 Data
907 1454 968 1492 est
995 1450 1104 1492 enim
1125 1450 1222 1490 huic
1243 1448 1402 1492 Chaleb
1426 1450 1632 1504 portionis
1653 1464 1752 1490 suae
1783 1464 1885 1501 sors,
1916 1450 2051 1504 prius-

241 1522 285 1556 20
311 1531 436 1570 quam
466 1518 596 1558 tribus
626 1533 712 1570 sua,
742 1532 847 1571 quae
879 1520 941 1559 est
968 1517 1155 1558 filiorum
1185 1515 1304 1570 luda,
1333 1516 1582 1570 perciperet,
1614 1518 1655 1556 et
1685 1517 1808 1557 datur
1838 1517 1876 1557 ei
1903 1515 2051 1558 nonin

311 1584 506 1624 extremis
538 1584 746 1638 aliquibus
776 1585 978 1638 partibus,
1010 1585 1083 1625 sed
1112 1583 1157 1623 in
1187 1583 1326 1624 medio
1357 1582 1543 1624 filiorum
1573 1582 1696 1632 Iuda3
1728 1586 1768 1624 et
1799 1584 1897 1623 data
1922 1585 1986 1625 est
2015 1583 2051 1624 ei

311 1650 446 1704 portio
477 1665 560 1691 non
593 1665 667 1705 per
697 1654 866 1702 sortem,
898 1652 971 1692 sed
1000 1664 1075 1704 per
1103 1652 1389 1704 praeceptum
1405 1649 1589 1702 Domini,
1622 1652 1662 1690 et
1692 1651 1816 1690 datur
1846 1650 1882 1691 ei
1905 1649 2050 1691 civitas

313 1761 468 1814 τρίτης
509 1754 535 1814 ἡ
578 1754 788 1811 ἀνάδοσις
819 1760 898 1814 τῆς
930 1760 1102 1814 τροφῆς
1121 1760 1224 1835 τῆς>
1250 1754 1514 1813 ωφελουσης
1544 1754 1631 1801 τὸν
1662 1752 1905 1813 ὀφθαλμὸν
1931 1768 2055 1802 ποιεῖ

314 1820 425 1880 ἡμᾶς
455 1828 512 1881 τῇ
543 1828 673 1882 πείρᾳ
703 1840 860 1869 mozev
864 1840 947 1877 σαι
980 1818 1052 1868 ὅτι
1083 1822 1169 1868 τὸν
1201 1819 1446 1880 ὀφθαλμὸν
1473 1820 1762 1881 ωφελημεθα.
1820 1820 1952 1869 Ἀλλὰ
1980 1828 2054 1869 καὶ

241 1897 284 1932 25
313 1887 379 1935 ἐπ’
415 1889 569 1934 ἄλλων
600 1895 790 1947 τροφῶν
822 1888 1101 1945 ωφελουσῶν
1133 1908 1233 1934 τινα
1261 1893 1367 1947 μέλη
1411 1892 1493 1934 τοῦ
1524 1887 1733 1946 σώματος
1763 1886 1903 1935 τοῦτο’
1933 1892 2066 1935 ἐστιν’

312 1959 431 2002 ἰδεῖν.
495 1952 626 2001 Ου’τω
658 1961 813 2003 τοίνυν
842 1962 1021 2002 πίστευε
1053 1960 1125 2001 καὶ
1155 1960 1257 2013 περὶ
1288 1959 1369 2012 τῆς
1400 1960 1524 2008 θείας
1555 1959 1742 2013 γραφῆς,
1775 1951 1847 2001 ὅτι
1868 1953 2055 2012 ὠφελεῖ-

314 2027 386 2067 ταί
417 2039 497 2068 σου
528 2020 554 2080 ἦ
585 2022 716 2081 ψυχή,
747 2021 833 2068 κᾶν
862 2023 921 2081 μὴ
949 2019 991 2068 >ci
1024 2027 1128 2076 νοῦς
1158 2021 1242 2068 τὸν
1273 2021 1467 2077 καρπὸν<
1496 2019 1697 2078 λαμβάνῃ
1730 2025 1809 2079 τῆς
1832 2019 2054 2079 ὠφελείας

314 2093 393 2146 τῆς
424 2087 514 2134 ἀπὸ
546 2094 643 2135 τῶν
674 2088 958 2147 γραμμάτων,
990 2091 1037 2134 ἐκ
1067 2087 1209 2146 μόνης
1239 2092 1375 2146 ψιλῆς
1406 2092 1486 2146 τῆς
1517 2086 1828 2145 ἀναγνώσεως.
1891 2087 1948 2134 Τὰ
1969 2088 2053 2146 γὰρ

312 2158 360 2200 ἐν
401 2153 504 2213 ἡμῖν
546 2155 758 2215 ἐπᾴδεται
799 2161 871 2201 καὶ
915 2154 969 2202 τὰ
1011 2159 1093 2213 μὲν
1134 2160 1374 2211 κρείττονα
1418 2159 1649 2211 τρέφεται,
1692 2153 1748 2200 τὰ
1790 2158 1836 2200 δὲ
1875 2160 2054 2212 χείρονα

243 2227 287 2261 30
311 2234 607 2279 καταργεῖται.

2071 926 2125 951 175
2145 923 2267 951 Lomm.

428 2292 519 2333 18ff
544 2293 629 2346 vgl.
661 2292 826 2347 Procop
848 2309 880 2334 a.
905 2308 937 2334 a.
961 2292 1008 2335 O.
1033 2291 1199 2335 1029C:
1246 2293 1358 2334 »Καὶ
1399 2291 1669 2345 ,προσῆλθον
1711 2289 1752 2333 οὶ
1793 2288 1880 2332 υἱοὶ
1915 2284 2054 2334 Ἰούδα
2105 2280 2111 2283 .

313 2353 430 2412 πρὸς
451 2353 656 2413 Ἰησοῦν«.
697 2356 792 2413 Πρὸ
825 2359 904 2412 τῆς
932 2360 1120 2413 μερίδος,
1153 2353 1208 2413 ἢν
1240 2357 1394 2410 ἔλαβεν
1426 2353 1451 2412 ἡ
1484 2353 1613 2412 φυλή,
1648 2352 1795 2408 Χάλεβ
1823 2349 2054 2412 ἀκληρωτὶ

426 2491 472 2525 31
503 2491 576 2526 Jos.
603 2491 654 2534 14,
679 2493 700 2525 6

426 2592 450 2626 4
486 2591 568 2626 lies:
607 2592 719 2636 prode
744 2592 826 2626 est‘?
947 2593 964 2626 7
992 2592 1207 2634 torpescunt
1232 2596 1272 2632 -l-
1298 2591 1336 2624 et
1360 2591 1390 2624 A
1458 2590 1462 2633 Ι
1529 2591 1566 2624 et
1591 2590 1803 2634 effugantur
1828 2590 1868 2632 P,
1887 2590 2054 2625 „lchDeh

314 2659 525 2703 effugantur
550 2659 606 2701 As]
642 2659 679 2693 et
713 2660 892 2703 fugantur
921 2657 1060 2702 ODEF,
1086 2659 1105 2692 b
1142 2660 1220 2702 (aus
1257 2658 1468 2702 effugantur
1497 2657 1654 2702 geand.),
1691 2657 1766 2702 vgl.
1792 2657 1825 2693 S.
1849 2658 1927 2700 418,
1954 2658 1997 2692 12
2046 2657 2052 2702 Ι
2124 2694 2128 2698 ,

314 2726 414 2761 dicet
430 2726 517 2770 Effy
615 2728 631 2761 7
660 2726 808 2761 dicit—
823 2727 844 2762 S
872 2727 1098 2773 auditorum]
1124 2725 1261 2761 dicitur
1286 2725 1333 2759 ab
1359 2724 1591 2759 auditoribus
1612 2725 1648 2767 Ι),
1664 2725 1742 2759 Ald.
1757 2725 1831 2759 Del.
1902 2726 1926 2761 8
1952 2725 2053 2760 audi-

314 2795 432 2828 torem
451 2796 482 2827 A
578 2795 628 2829 10
654 2795 760 2828 deum
790 2793 819 2827 G
910 2797 958 2830 11
985 2794 1096 2839 lecta]
1122 2793 1224 2829 dicta
1248 2793 1283 2825 E
1375 2793 1424 2827 12
1459 2791 1719 2837 explanatione
1747 2792 1880 2834 P,Ala¹.
1895 2792 1970 2827 Del.
1995 2803 2052 2827 ex-

314 2861 488 2906 planatoe
514 2861 546 2894 D
578 2861 816 2906 explanatore
841 2862 1013 2897 ABOEF
1126 2863 1173 2896 17
1201 2859 1313 2904 lecta]
1338 2860 1439 2894 dicta
1468 2860 1597 2901 RAM.
1665 2861 1669 2901 Ι
1744 2859 1804 2894 vel
1832 2859 1965 2900 [ζΑΙιΙ.
1980 2859 2053 2895 Del.

315 2935 356 2966 <
382 2927 589 2963 ABODEF
656 2929 707 2963 20
732 2941 777 2959 ω
803 2929 959 2964 filiorum
986 2930 1041 2964 est
1067 2929 1102 2962 F
