2373 3522
348 249 371 287 2
377 249 428 288 04
1132 239 1311 284 Origenes

345 371 411 397 >ne
443 354 632 396 deleatur
661 368 815 395 nomen
844 352 975 406 patris
1006 366 1147 393 earum
1178 353 1228 392 de
1259 351 1398 393 medio
1428 351 1562 405 plebis
1593 364 1705 400 suae,
1737 348 1835 403 quia.
1863 362 1948 389 non
1969 348 2031 388 est
2060 346 2096 386 ei

347 423 410 463 vir
451 422 562 462 filius
604 424 753 461 natus<.
824 418 972 460 Refert
1012 433 1088 472 pro
1130 419 1212 459 hoc
1251 418 1419 471 Moyses
1461 416 1809 459 consultationem
1851 416 1905 455 ad
1947 412 2096 455 Deum.

346 487 654 541 Omnipotentis
695 488 835 527 autem
865 484 943 525 Dei
983 483 1205 525 clementia
1247 499 1333 526 non
1373 483 1532 537 spernit
1573 496 1649 524 nec
1680 482 1856 536 despicit
1886 479 2096 522 consulta-

345 555 515 603 tionem,
559 566 664 606 quae
708 550 884 593 offertur
926 566 949 590 a
991 550 1142 604 puellis
1174 553 1215 592 et
1244 565 1329 592 non
1359 549 1494 590 solum
1524 563 1723 603 responsa
1754 550 1853 589 dare
1882 548 2095 601 dignatur,

299 625 317 657 5
343 622 415 660 sed
444 620 487 660 in
516 622 680 659 tantum
710 618 863 672 probat
893 619 933 658 et
963 617 1232 670 amplectitur
1261 616 1392 657 verba
1423 630 1579 666 earum,
1621 618 1668 657 ut
1710 629 1758 655 ex
1794 615 1896 668 ipsis
1927 615 2095 654 aeterna.

343 686 583 727 hominibus
613 686 706 726 iura
737 684 965 726 constituat
996 685 1035 723 et
1066 681 1246 724 saeculis
1279 682 1472 724 omnibus
1504 682 1777 723 observanda.
1842 681 1958 721 »Ait«
1985 679 2095 720 enim

348 752 544 805 »loquens
575 751 779 793 Dominus
811 752 865 791 ad
893 750 1086 803 Moysen:
1118 751 1230 790 recte
1261 747 1424 790 locutae
1456 751 1553 789 sunt
1580 747 1694 788 filiae
1727 746 1944 800 Salph'aat;
1976 745 2096 786 dabis

340 819 390 859 iis
432 818 737 872 possessionem
779 817 824 856 in
855 817 994 857 medio
1038 815 1217 856 fratrum
1258 816 1390 869 patris
1434 815 1510 864 sui,
1553 816 1594 855 et
1630 814 1749 855 dabis
1780 816 1934 856 sortem
1964 811 2096 866 patris

339 886 521 938 ipsarum
551 885 664 938 ipsis.
723 882 777 924 Et
807 882 904 923 filiis
934 881 1116 923 Istrahel
1145 881 1330 935 loqueris
1362 882 1521 922 dicens:
1557 881 1683 922 homo
1706 879 1738 921 si
1759 882 1949 922 mortuus
1969 878 2098 919 fuerit

275 952 316 986 10
341 953 381 991 et
410 951 522 991 filius
549 965 634 992 non
668 949 796 990 fuerit
829 950 879 1000 ei,
912 949 1065 989 dabitis
1097 948 1374 990 hereditatem
1406 948 1492 989 eius
1522 947 1633 988 filiae
1666 947 1773 995 eius3
1805 947 1917 1000 quod
1949 945 1983 986 si
2012 959 2096 986 non

340 1017 468 1058 fuerit
497 1017 534 1058 ei
575 1016 675 1067 filia,
720 1015 872 1056 dabitis
915 1015 1194 1056 hereditatem
1236 1014 1358 1055 fratri
1390 1014 1498 1063 eius3
1543 1014 1655 1067 quod
1686 1014 1720 1053 si
1757 1026 1842 1053 non
1872 1011 2029 1053 fuerint
2059 1010 2096 1051 ei

340 1083 511 1134 fratres,
554 1082 710 1123 dabitis
740 1082 1030 1135 5hereditatem
1060 1076 1183 1121 fratri
1212 1081 1344 1134 patris
1376 1081 1481 1129 eius;
1513 1081 1626 1133 quod
1657 1080 1692 1119 si
1720 1093 1805 1120 non
1834 1078 1991 1119 fuerint
2011 1077 2096 1117 fra-

338 1152 423 1191 tres
454 1149 586 1204 patris
617 1148 724 1199 eius,
763 1147 916 1189 dabitis
958 1147 1234 1188 hereditatem
1279 1147 1522 1197 domestico,
1561 1146 1632 1200 qui
1662 1145 1791 1186 fuerit
1818 1144 2097 1198 propinquior

340 1217 377 1257 ei
407 1229 457 1257 ex
486 1216 600 1257 tribu
630 1230 716 1266 sua,
763 1214 809 1266 et,¹
840 1215 978 1268 capiet
1019 1214 1295 1254 hereditatem
1327 1214 1427 1255 eius.
1485 1212 1540 1253 Et
1571 1212 1649 1253 erit
1678 1212 1759 1253 hoc
1788 1210 1886 1251 filiis
1915 1208 2098 1251 Istrahel

272 1288 314 1322 15
338 1282 579 1324 iustificatio
618 1281 778 1332 iudicii,
823 1280 930 1322 sicut
972 1280 1191 1321 constituit
1228 1279 1432 1321 Dominus
1470 1279 1647 1332 Moysi«.
1707 1277 1823 1318 Haec
1865 1277 2093 1318 secundum

340 1348 557 1390 historiam
600 1348 702 1401 quid
743 1348 901 1402 vigoris
943 1347 1138 1398 habeant,
1181 1346 1375 1387 omnibus
1411 1344 1553 1398 palam
1590 1347 1664 1396 est,
1708 1345 1779 1397 qui
1815 1336 1953 1385 sciunt
1979 1342 2096 1396 leges

338 1415 438 1456 istas
468 1430 553 1456 non
584 1414 719 1455 solum
751 1415 862 1467 apud
893 1412 1001 1454 filios
1031 1411 1212 1454 Istrahel
1243 1411 1457 1463 custodiri,
1490 1413 1563 1453 sed
1595 1414 1635 1453 et
1665 1412 1777 1464 apud
1799 1424 1942 1452 omnes
1962 1408 2095 1450 homi-

338 1495 424 1532 nes,
467 1482 538 1534 qui
579 1483 721 1521 tamen
760 1479 927 1533 legibus
970 1480 1128 1520 vivunt.
1189 1477 1310 1519 Unde
1355 1480 1530 1532 apparet
1566 1479 1680 1532 quod
1709 1477 1882 1519 libertas
1911 1475 2094 1516 filiarum

339 1546 539 1601 Salphaat
570 1561 655 1588 non
686 1546 822 1587 solum
851 1546 954 1599 ipsis
984 1546 1264 1586 hereditatem
1295 1544 1485 1595 contulit,
1517 1546 1590 1585 sed
1623 1547 1664 1585 et
1696 1545 1900 1598 perpetua
1925 1542 2095 1583 vivendi

271 1617 314 1651 20
338 1615 429 1654 iura
472 1612 638 1655 saeculo
669 1613 797 1653 dedit.
856 1611 998 1662 Vides,
1043 1614 1200 1665 quanta
1230 1612 1283 1652 sit
1315 1611 1440 1651 etiam
1470 1611 1671 1652 historiae
1700 1611 1832 1664 ipsius
1861 1608 2021 1650 utilitas
2050 1608 2094 1649 in

339 1679 431 1733 lege
463 1680 554 1721 Dei.
595 1679 695 1728 Quis
726 1681 866 1732 potest
895 1677 1009 1731 leges
1039 1679 1142 1719 istas
1174 1677 1402 1731 aliquando
1424 1676 1666 1728 dissolvere,
1695 1676 1845 1729 quibus
1875 1676 2094 1716 universus

338 1747 471 1787 utitur
500 1747 709 1787 mundus?
768 1743 851 1785 Sed
881 1747 1021 1785 tamen
1050 1759 1126 1785 nos
1158 1758 1418 1798 quaeramus,
1450 1745 1661 1798 quomodo
1693 1744 1818 1784 etiam
1849 1739 2096 1795 spiritaliter

339 1813 618 1854 aedificemur.
678 1811 824 1853 Potest
855 1812 964 1852 enim
995 1810 1097 1860 fieri,
1128 1813 1175 1851 ut
1204 1824 1338 1864 neque
1369 1809 1480 1851 filiae
1511 1810 1615 1850 mihi
1646 1810 1728 1850 sint
1754 1803 1983 1850 secundum
2004 1821 2094 1848 car-

341 1893 435 1919 nem
477 1892 611 1932 neque
655 1878 816 1931 aliquid
858 1877 987 1928 ruris,
1038 1878 1156 1918 cuius
1204 1877 1297 1930 capi
1343 1877 1477 1930 possit
1517 1876 1740 1917 hereditas.
1810 1874 1920 1924 Quid
1962 1876 2093 1928 ergo?

269 1946 313 1980 25
339 1944 460 1986 Nihil
501 1946 612 1999 apud
656 1960 750 1985 eum
795 1945 867 1998 qui
908 1943 1148 1985 huiusmodi
1193 1945 1265 1995 est,
1307 1942 1374 1984 lex
1403 1944 1484 1984 ista
1515 1942 1761 1996 operabitur
1790 1944 1831 1982 et
1860 1941 1940 1982 erit
1969 1940 2094 1982 alicui

340 2012 533 2063 otiosum,
566 2013 679 2065 quod
710 2012 852 2052 divina
883 2024 985 2052 voce
1016 2011 1224 2051 sancitum
1255 2012 1345 2052 est?
1386 2009 1668 2063 Requiramus
1700 2021 1800 2062 ergo
1833 2008 1959 2050 etiam
1981 2007 2092 2061 apud

339 2077 571 2131 spiritalem
601 2076 753 2131 legem,
797 2091 903 2130 quae
934 2078 1017 2118 sint
1045 2078 1152 2118 istae
1183 2077 1366 2130 quinque
1398 2075 1530 2127 filiae,
1574 2089 1752 2130 quarum
1784 2074 1946 2116 etiamsi
1975 2075 2095 2128 pater

339 2140 529 2186 mortuus
559 2143 688 2185 fuerit
717 2158 793 2197 pro
832 2143 974 2197 aliquo
1016 2145 1205 2197 peccato,
1248 2143 1362 2196 ipsae
1393 2145 1536 2184 tamen
1577 2142 1854 2183 hereditatem
1887 2155 1934 2182 ex
1965 2140 2094 2182 verbo

339 2210 418 2251 Dei
449 2210 627 2264 capiant.
668 2209 716 2252 In
739 2209 1036 2263 superioribus,
1069 2224 1164 2250 cum
1196 2211 1246 2250 de
1277 2208 1533 2263 spiritalibus
1562 2207 1659 2249 filiis
1688 2210 1978 2258 tractaremus,
2009 2206 2091 2247 vir-

271 2275 314 2310 30
338 2279 447 2318 tutes
490 2278 617 2318 animi
661 2279 700 2318 et
741 2291 886 2318 sensus
927 2276 1080 2317 mentis
1121 2275 1231 2317 filios
1274 2276 1357 2317 djci
1399 2264 1628 2317 docuimus.
1692 2273 1960 2328 Consequens
2003 2272 2091 2314 sine

340 2344 466 2385 dubio
499 2346 538 2384 et
568 2343 820 2385 conveniens
851 2343 1018 2383 videtur
1049 2343 1174 2383 etiam
1205 2341 1313 2383 filias
1344 2356 1483 2395 opera,
1513 2356 1620 2396 quae
1651 2340 1839 2395 corporis
1859 2339 2091 2381 ministerio

449 2518 470 2551 2
494 2517 570 2562 vgl.
587 2517 694 2551 Num.
712 2517 766 2559 27,
784 2518 804 2552 5
830 2537 873 2542 —
899 2518 922 2552 3
941 2518 1016 2562 vgl.
1033 2517 1141 2553 Philo
1161 2518 1205 2552 de
1219 2516 1286 2552 vit.
1298 2517 1415 2561 Moys.
1430 2517 1496 2553 238
1522 2514 1585 2560 (I'V
1602 2516 1680 2559 256,
1698 2516 1758 2551 3ff
1772 2515 1840 2560 C.):
1865 2513 1887 2550 ὁ
1904 2517 2008 2550 θεῶν
2025 2516 2090 2550 καὶ

337 2581 553 2631 ἀνθρώπων
571 2583 722 2629 ἡγεμὼν
741 2582 809 2619 οὐκ
826 2582 1016 2629 ἀπηξίωσε
1035 2584 1263 2629 χρηματίσαι
1279 2585 1415 2629 κόραις
1432 2581 1621 2629 ὀρφαναῖς
1638 2609 1647 2619 .
1665 2612 1673 2620 .
1688 2608 1696 2618 .
1715 2579 1830 2619 πλέον
1845 2596 1880 2619 τι
1897 2581 2089 2627 παρέσχεν

337 2649 357 2695 ἢ
382 2651 479 2687 κατὰ
506 2652 678 2695 δικαστὴν
704 2650 724 2685 ὁ
751 2650 907 2696 εὐμενὴς
931 2653 995 2687 καὶ
1018 2647 1131 2693 ἵλεως
1155 2663 1244 2686 usw.
1270 2671 1313 2677 —
1351 2652 1367 2687 7
1395 2651 1503 2686 Num.
1529 2651 1583 2694 26,
1609 2651 1720 2687 6—11
1746 2670 1789 2675 —
1816 2652 1865 2686 29
1891 2648 1968 2695 vgl.
1994 2649 2089 2685 oben

338 2719 369 2753 S.
396 2719 472 2762 188,
499 2719 539 2754 27
576 2737 621 2744 -
658 2718 706 2754 31
744 2718 821 2763 vgl.
847 2718 953 2754 Philo
979 2719 1024 2753 de
1049 2719 1156 2764 migr.
1185 2719 1322 2754 Abrah.
1349 2719 1414 2754 205
1442 2719 1488 2763 (Π
1505 2719 1581 2761 309,
1599 2719 1619 2752 1
1636 2718 1730 2763 W.):
1768 2719 1877 2754 πέντε
1903 2718 2092 2754 Σαλπαὰδ

337 2786 554 2831 θυγατέρες,
579 2782 625 2826 ἃς
651 2782 946 2831 ἀλληγοροῦντες
972 2785 1164 2831 αἰσθήσεις
1189 2781 1287 2822 εἷναί
1311 2799 1435 2831 φαμεν

451 2940 502 2975 13
528 2940 602 2975 fuit
623 2940 660 2981 D
753 2940 801 2976 17
829 2942 867 2975 et
892 2948 935 2979 <
961 2941 1025 2984 Db,
1040 2941 1119 2975 ΑΜ.
1134 2941 1208 2976 Del.
1304 2942 1354 2976 29
1381 2939 1529 2986 capient
1552 2939 1585 2973 A
1671 2941 1749 2976 291⁹
1771 2940 1930 2976 virtutes
1947 2966 1957 2975 .
1973 2966 1982 2974 .
2000 2967 2008 2976 .
2027 2939 2087 2975 do·

342 3006 483 3041 cuimus
508 3014 550 3044 <
578 3007 608 3041 C
698 3008 751 3043 30
775 3007 849 3043 dici
874 3014 917 3046 <
941 3008 975 3042 D

2118 621 2175 648 266
2191 622 2310 651 Lomm.

2115 2018 2170 2045 267
2189 2018 2311 2046 Lomm.
