2373 3314
331 877 374 910 10

333 1210 371 1241 1.”)

357 545 365 550 ’
406 540 651 580 ”Dominum
685 537 818 578 Deum
851 540 968 577 tuum
1000 550 1047 576 ex
1078 538 1167 576 toto
1199 536 1322 575 corde
1352 536 1425 574 tuo
1458 536 1499 574 et
1531 548 1580 574 ex
1615 536 1705 576 tota
1742 533 1883 574 anima
1913 535 1986 574 tua
2015 536 2056 574 et
2086 546 2136 574 ex

328 1545 334 1557 -’
394 1533 507 1572 intra
537 1534 667 1573 semet
694 1532 807 1585 ipsos
838 1532 1056 1572 metientes
1086 1529 1260 1572 affectus
1291 1544 1387 1572 suos
1418 1533 1460 1571 et
1489 1530 1533 1571 in
1563 1533 1741 1572 staterae
1773 1544 1843 1572 eos
1879 1530 2132 1585 aequalitate

327 1883 333 1890 ·
396 1867 552 1918 gerent,
585 1878 678 1905 cum
710 1865 822 1905 omni
854 1864 1108 1906 confidentia
1150 1863 1318 1904 dicebat
1353 1864 1468 1917 quia:
1514 1878 1671 1918 »neque
1712 1878 1826 1905 mors
1867 1877 2002 1918 neque
2044 1864 2130 1906 vita

403 174 423 209 4
430 174 450 209 7
457 172 479 209 6
1175 157 1351 201 Origenes

403 280 510 318 lucra
544 292 621 315 non
659 274 807 322 colere,
839 274 1059 325 propterea
1090 270 1193 310 haec
1221 284 1305 310 non
1338 268 1465 309 etiam
1498 270 1550 309 ad
1581 271 1820 310 nostrorum
1851 267 2014 320 aliquos
2043 281 2136 321 per-

402 346 543 383 tinere.
606 339 910 392 Unusquisque,
943 338 1053 390 quod
1075 350 1173 389 prae
1197 335 1346 376 ceteris
1369 333 1481 385 colit,
1513 336 1626 388 quod
1647 349 1774 388 super
1799 333 1939 374 omnia
1959 333 2136 374 miratur

403 415 439 449 vt
471 408 619 460 diligit,
652 407 728 446 hoc
759 405 794 445 ei
826 404 937 444 Deus
969 406 1039 444 est.
1098 402 1287 455 Denique.
1318 401 1398 442 hoc
1428 404 1504 452 est,
1537 403 1649 454 quod
1670 403 1764 442 ante
1787 400 1929 441 omnia
1951 402 1991 440 et
2012 414 2137 454 super

402 476 537 514 omnia
570 487 641 526 per
671 473 915 512 mandatum
946 485 1065 510 suum
1097 469 1209 509 Deus
1241 467 1429 521 deposcit
1460 467 1511 508 ab
1541 467 1733 510 homine:
1769 466 1967 520 ›diliges‹
1999 466 2136 520 inquit

400 608 495 646 totis
534 605 690 645 viribus
721 603 843 653 tuis«,
886 614 1193 656 praeoccupare
1225 601 1538 653 quodammodo
1581 613 1681 654 erga
1729 614 1771 641 se
1815 600 1986 653 cupiens
2025 601 2135 641 totos

400 673 605 713 humanae
636 670 786 710 mentis
818 667 989 709 affectus
1021 670 1060 707 et
1091 667 1226 707 sciens
1257 666 1366 720 quia,
1399 667 1509 719 quod
1539 680 1604 707 >ex
1640 669 1729 708 toto
1765 668 1890 707 corde
1929 664 2137 707 dilexerit<
2318 711 2330 718 ‚.

398 739 489 792 quis
518 741 574 779 >et
596 753 642 778 ex
665 739 751 777 tota
773 738 911 775 anima
933 738 1056 787 atque
1079 748 1126 774 ex
1148 733 1248 774 totis
1273 732 1461 783 viribus<,
1492 732 1570 774 hoc
1602 733 1636 774 ei
1659 732 1772 774 Deus
1794 735 1867 774 est.
1922 732 2130 774 Discutiat
2148 743 2205 770 231
2226 741 2336 770 Lomm

398 819 506 844 nunc
538 803 821 856 unusquisque
854 803 984 842 semet
1013 800 1150 853 ipsum
1182 802 1222 840 et
1250 797 1402 840 tacitus
1435 813 1482 839 ex
1514 812 1589 840 suo
1620 800 1745 840 corde
1767 800 1997 852 recenseat,
2028 812 2134 852 quae.
2331 802 2335 806 '

400 872 439 911 in
481 885 528 912 eo
580 870 842 923 potissimum
894 870 932 908 et
974 881 1097 919 super
1139 868 1278 906 cetera
1321 865 1462 907 omnia
1502 865 1671 906 flamma
1712 866 1866 907 amoris
1908 866 2133 916 exaestuet,

399 938 466 990 qui
500 937 577 977 sibi
610 936 820 976 ardentior
861 934 1010 975 ceteris
1053 934 1219 973 fovetur
1249 930 1433 974 affectus.
1491 931 1576 973 Vos
1617 932 1697 986 ipsi
1741 933 1792 973 de
1833 931 1896 973 his
1937 931 2133 974 habetote

396 1004 610 1052 iudiciuin,
643 1003 683 1042 in
715 1004 867 1042 statera
898 1001 998 1040 haec
1029 999 1157 1040 vestri
1189 998 1394 1039 examinis
1424 999 1650 1052 appendite
1683 1001 1724 1040 et
1753 999 1787 1040 si
1815 999 1914 1052 quid
1933 997 2041 1040 illud
2062 1000 2133 1049 est,

397 1071 508 1122 quod
539 1070 580 1109 in
613 1067 850 1109 dilectionis
880 1066 999 1106 lance
1029 1066 1350 1119 praeponderat,
1384 1065 1463 1106 hoc
1492 1065 1570 1106 tibi
1589 1064 1702 1106 Deus
1733 1067 1805 1106 est.
1863 1063 1947 1106 Sed
1972 1078 2132 1116 vereor,

396 1150 446 1176 ne
477 1136 585 1187 apud
628 1133 958 1188 quamplurimos
1000 1133 1307 1185 praeponderet
1348 1146 1469 1172 amor
1511 1131 1600 1172 auri
1643 1133 1683 1172 et
1725 1131 1923 1172 avaritiae
1969 1132 2134 1185 pondus

396 1215 536 1254 pressa
567 1200 664 1241 satis
693 1199 813 1240 lance
845 1201 1075 1251 demergat.
1134 1197 1188 1238 Et
1216 1197 1361 1250 utique
1393 1198 1556 1238 dicetur
1597 1199 1648 1238 ad
1690 1197 1820 1239 hunc:
1867 1211 1975 1238 >non
2015 1201 2134 1251 potes
2200 1247 2204 1251 q

396 1267 484 1308 Deo
516 1270 555 1307 et
586 1280 870 1307 mammonae«
906 1289 959 1293 —-
987 1265 1030 1305 id
1061 1267 1126 1305 est
1157 1264 1355 1305 avaritiae
1378 1287 1430 1293 ——
1456 1265 1681 1306 »servire«,
1704 1316 1710 1322 ·
1740 1263 1897 1306 Vereor
1917 1267 1958 1305 et
1976 1264 2022 1306 in
2043 1263 2133 1306 aliis
2180 1263 2182 1266 ’

396 1348 445 1374 ne
475 1333 661 1374 libidinis
692 1335 732 1373 et
764 1331 991 1385 voluptatis
1023 1345 1142 1372 amor
1171 1331 1215 1372 in
1250 1333 1415 1372 tantum
1456 1333 1778 1385 praeponderet,
1820 1334 1866 1372 ut
1906 1344 2038 1385 usque
2080 1331 2133 1372 ad

395 1402 548 1440 terram
581 1401 811 1452 demergat,
842 1400 885 1439 in
916 1397 1009 1439 aliis
1040 1412 1159 1439 amor
1189 1396 1347 1451 gloriae
1378 1397 1605 1439 saecularis
1625 1400 1666 1438 et
1685 1398 1892 1439 humanae
1915 1397 2133 1451 dignitatis

395 1466 600 1518 cupiditas
630 1479 756 1518 super
787 1466 928 1506 omnia
957 1467 1230 1518 praegravet,
1274 1466 1313 1504 et
1355 1463 1478 1506 valde
1507 1478 1663 1518 paucos
1696 1478 1784 1506 esse
1827 1464 2019 1515 arbitror,
2062 1465 2133 1518 qui

397 1601 619 1651 pensantes
649 1598 865 1639 inveniant
896 1599 1009 1651 quod
1039 1596 1274 1638 dilectionis
1312 1596 1390 1638 Dei
1432 1599 1597 1650 pondus
1639 1611 1765 1651 supra
1800 1598 1940 1638 omnia
1980 1599 2130 1648 cetera,

395 1680 500 1719 quae
532 1667 628 1705 sunt
658 1665 853 1715 humana,
884 1665 1203 1718 praeponderet.
1263 1662 1357 1705 Scio
1389 1677 1468 1718 ego
1500 1678 1608 1715 eum,
1640 1665 1712 1718 qui
1741 1664 1846 1705 haec
1867 1665 1980 1718 apud
2001 1666 2132 1706 semet
2196 1709 2199 1712 ,

394 1733 529 1785 ipsum
560 1746 720 1772 summa
751 1731 1056 1772 examinatione
1086 1733 1347 1784 pensaverat,
1381 1733 1433 1781 et,
1465 1745 1559 1772 cum
1589 1730 1817 1772 invenisset
1847 1731 1945 1784 quia
1975 1744 2131 1783 omnes,

395 1799 466 1851 qui
497 1799 605 1839 intra
637 1813 678 1839 se
711 1800 840 1847 erant,
872 1796 1043 1838 affectus
1073 1798 1117 1838 in
1147 1796 1264 1838 illam
1295 1800 1473 1851 partem,
1505 1797 1574 1838 ubi
1605 1800 1695 1838 erat
1725 1797 1802 1839 Dei
1833 1798 1997 1849 caritas,
2039 1811 2130 1839 ver-

394 1945 526 1984 neque
561 1930 697 1985 angeli
727 1945 860 1984 neque
893 1931 1082 1982 virtutes,
1114 1945 1247 1984 neque
1277 1932 1516 1984 praesentia
1546 1945 1682 1985 neque
1712 1931 1855 1972 futura
1875 1945 2010 1985 neque
2038 1931 2130 1973 alti·
2317 1978 2336 1988 ,Ι
2360 1976 2361 1979 ¹

393 1999 493 2038 tudo
525 2011 657 2050 neque
688 1998 944 2051 profundum
974 2011 1108 2050 neque
1141 2000 1332 2039 creatura
1363 1997 1445 2038 alia
1474 1999 1630 2051 poterit
1659 2011 1736 2039 nos
1767 2011 1959 2051 separare
1981 2013 2005 2039 a
2025 1998 2130 2040 cari·
2149 2019 2208 2046 463
2227 2016 2274 2045 De
2302 1995 2309 2034 ζ
2333 2023 2336 2026 ·
2360 1986 2361 1990 ¹

392 2066 475 2105 tate
507 2063 598 2114 Dei,
629 2079 732 2117 quae
765 2067 826 2105 est
853 2064 898 2105 in
929 2063 1095 2106 Christo
1125 2063 1218 2105 Iesu
1245 2064 1432 2106 Domino
1457 2067 1642 2107 nostro«.
1684 2063 1768 2106 Sed
1787 2063 1944 2106 Paulus
1965 2064 2034 2106 hic
2054 2067 2129 2116 est,

393 2131 462 2183 qui
493 2130 594 2171 haec
625 2131 681 2171 ita
710 2131 845 2183 potuit
875 2131 1024 2182 dicere,
1057 2131 1154 2184 quia
1182 2146 1330 2185 >neque
1362 2132 1601 2185 praesentia
1642 2145 1775 2186 neque
1813 2131 1956 2173 futura
1992 2145 2126 2186 neque
2147 2150 2203 2177 232

394 2199 582 2237 creatura
612 2197 691 2237 alia
723 2212 816 2238 enm
847 2212 1037 2251 separare
1080 2200 1218 2251 potest
1259 2212 1282 2238 a
1325 2198 1496 2239 caritate
1526 2198 1633 2240 Dei<.
1691 2197 1781 2240 Nos
1822 2200 1964 2240 autem
2004 2201 2130 2253 atque

506 2373 528 2407 4
554 2371 658 2406 Deut.
684 2373 714 2415 6,
740 2374 759 2407 5
783 2393 825 2397 -
854 2375 902 2408 15
930 2374 1003 2418 vgl.
1028 2374 1158 2409 Matth.
1184 2374 1215 2415 6,
1234 2375 1278 2409 24
1300 2394 1345 2399 —
1371 2374 1421 2410 25
1447 2373 1550 2409 Rom.
1567 2375 1599 2418 8,
1616 2375 1750 2410 38—39
1776 2375 1865 2420 (vgl.
1883 2375 2000 2410 Soden
2017 2388 2048 2411 z.
2066 2375 2129 2420 st.)

508 2527 524 2560 1
560 2528 724 2561 nostrum
754 2528 790 2569 C,
807 2528 884 2561 ,1ch
903 2528 971 2562 Del.
996 2530 1207 2564 nostrorum
1230 2529 1305 2564 fast
1330 2546 1373 2556 =
1396 2530 1576 2573 nostrum,
1601 2530 1671 2564 wie
1695 2530 1750 2565 oft
1775 2531 1923 2576 spatlat
2042 2531 2065 2566 3
2091 2532 2128 2566 et

393 2593 599 2638 super—S.
618 2594 708 2636 479,
729 2595 775 2629 14
803 2596 848 2629 ab
875 2596 1022 2630 homine
1046 2603 1089 2634 <
1116 2597 1151 2630 F
1227 2597 1249 2631 S
1277 2598 1387 2642 atque
1412 2605 1455 2635 <
1480 2597 1514 2631 Ε
1557 2598 1562 2641 Ι
1605 2597 1675 2644 est]
1700 2597 1748 2633 sit
1773 2599 1810 2634 Ε
1883 2598 1930 2634 11
1958 2599 2128 2634 foveatur

392 2659 469 2694 illd.
485 2660 573 2703 Dal„
609 2662 667 2696 fiir
704 2662 761 2696 die
797 2662 965 2698 Variatio
1002 2663 1077 2708 vgl.
1102 2663 1167 2698 Bd.
1197 2664 1212 2697 Ι
1237 2664 1270 2698 S.
1298 2665 1375 2707 434,
1393 2667 1436 2700 19
1508 2666 1581 2711 ,12
1618 2667 1658 2700 in
1682 2673 1725 2703 <
1749 2667 1783 2701 A
1849 2667 1854 2711 Ι
1919 2666 2068 2712 pendite
2092 2667 2126 2700 A

394 2727 443 2762 13
468 2740 513 2757 Ν
538 2730 642 2762 lance
667 2730 877 2764 dilectionis
906 2732 936 2765 (τ’
1032 2733 1097 2767 15.
1126 2731 1174 2766 18
1201 2733 1378 2778 devergat
1402 2734 1487 2776 Del„
1511 2734 1587 2779 vgl.
1614 2734 1648 2769 Z.
1664 2734 1734 2768 24f
1812 2735 1862 2770 15
1887 2733 2024 2769 dicitur
2047 2734 2127 2776 AD,

392 2794 470 2828 illd.
485 2794 557 2828 Del.
676 2798 724 2831 16
751 2797 817 2831 deo
845 2802 885 2838 —†-
911 2798 1048 2833 servire
1073 2800 1127 2833 Ar
1247 2801 1294 2835 19
1321 2813 1429 2846 supra
1452 2808 1531 2845 (aus
1556 2813 1664 2847 super
1687 2802 1834 2847 geand.)
1860 2802 1894 2836 A
2011 2802 2063 2837 20
2086 2801 2126 2836 in

391 2868 432 2898 <
459 2862 565 2904 :lC'hsl
608 2863 612 2906 Ι
656 2864 818 2908 equitate
844 2865 978 2900 ABOE
1071 2868 1120 2902 *21
1149 2878 1256 2912 snper
1280 2869 1310 2902 A
1321 2867 1357 2912 C',
1371 2869 1451 2905 Alci.
1465 2870 1540 2904 Del.
1634 2870 1684 2905 22
1711 2880 1798 2914 ergo
1824 2868 2070 2912 A*BGo,Ald.
2120 2869 2124 2913 Ι

391 2928 464 2963 ¹scio
491 2930 574 2974 ego]
602 2931 693 2966 scito
719 2943 753 2964 m
849 2934 898 2968 ‘33
926 2945 1008 2968 cum
1034 2934 1187 2968 vidisset
1216 2936 1244 2970 G
1337 2937 1387 2971 29
1413 2937 1504 2971 haec
1528 2944 1571 2975 <
1597 2937 1633 2971 Ε
1673 2938 1677 2981 Ι
1721 2937 1776 2972 ita
1800 2943 1843 2974 <
1872 2936 1901 2970 G
