2341 3382
757 179 796 213 in
822 179 901 215 Lib.
927 180 1094 215 Indicum
1118 179 1282 215 Homilia.
1300 180 1377 223 VII,
1393 181 1414 215 2
1869 185 1944 222 507

205 292 390 334 tionibus
433 291 586 333 clarior
626 291 712 342 fiat,
757 294 802 332 ut
830 305 905 345 per
934 291 1179 344 patientiam
1209 295 1395 334 nostram
1425 294 1593 335 illorum
1625 295 1845 347 superetur
1872 292 1947 332 im-

205 359 407 411 pudentia
438 361 491 408 et,
524 358 632 399 sicut
658 357 764 398 dixit
783 357 1001 408 Dominus,
1030 358 1091 398 >in
1112 361 1255 399 nostra
1276 359 1476 412 patientia
1504 361 1767 413 acquiramus
1789 358 1948 399 animas

206 427 398 475 nostras<‚
428 425 525 478 quia
545 423 778 465 ’tribulatio
799 424 1043 477 patientiam
1065 427 1276 478 operatur,
1297 426 1501 479 patientia
1522 440 1621 468 vero
1643 425 1946 480 probationem,

205 490 398 544 probatio
428 493 568 531 autem
599 504 745 544 spem«.
804 489 1021 531 Pertendit
1052 491 1161 531 enirn
1193 494 1335 532 nostra
1364 493 1588 546 >probati0<
1619 508 1701 534 non
1734 506 1862 546 usque
1895 493 1946 532 ad

160 559 180 592 5
206 557 379 598 verbera
414 555 561 607 solum,
604 558 673 597 sed
706 571 836 610 usque
868 558 918 597 ad
950 557 1238 610 profusionem
1281 559 1499 612 sanguinis
1535 560 1737 612 pervenit,
1781 559 1877 612 quia
1909 561 1948 598 et

205 622 409 673 Christus,
451 636 575 676 quem
617 624 844 676 sequimur,
887 637 964 676 pro
1005 623 1293 677 redemptione
1335 627 1477 665 nostra
1521 623 1666 665 effudit
1702 625 1945 678 sanguinem

205 704 339 740 suum,
369 691 417 730 ut
445 689 542 729 inde
574 703 769 730 exeamus
800 688 876 730 loti
905 690 947 729 in
978 690 1182 744 sanguine
1213 693 1370 732 nostro.
1419 690 1683 744 Baptismum
1716 690 1825 731 enim
1857 704 1948 730 san-

205 756 344 810 guinis
385 754 518 796 solum
561 758 635 807 est,
678 757 790 808 quod
832 755 1140 809 nospuriores
1183 758 1331 797 reddat
1374 771 1499 810 quam
1531 771 1663 810 aquae
1694 756 1947 809 baptismum

203 822 400 864 reddidit.
458 822 514 864 Et
539 822 617 863 hoc
649 837 732 863 non
764 834 841 875 ego
871 836 1108 875 praesumo,
1139 824 1213 863 sed
1245 821 1462 876 Scriptura
1491 823 1632 874 refert,
1671 824 1834 863 dicente
1866 822 1948 862 Do-

137 892 180 927 10
203 889 319 931 mino
361 889 415 928 ad
457 887 705 942 discipulos:
751 889 1030 951 »baptismum
1072 888 1206 930 habeo
1247 889 1466 943 baptizari,
1510 892 1621 944 quod
1663 904 1738 931 vos
1768 889 1947 930 nescitis.

134 1223 177 1257 15

133 1557 178 1592 20

203 953 258 996 Et
297 957 508 1009 quomodo
550 967 717 1009 urgeor,
759 957 805 996 ut
846 955 1159 1008 perficiaturP«.
1218 955 1345 996 Vides
1388 968 1487 1010 ergo
1530 957 1627 1010 quia
1662 955 1948 1010 profusionem

203 1021 418 1075 sanguinis
448 1021 513 1062 sui
533 1021 775 1075 >baptisma<
793 1022 1039 1063 nominavit.
1079 1021 1134 1063 Et
1155 1022 1189 1062 si
1210 1036 1294 1063 non
1315 1022 1395 1063 ista
1415 1023 1558 1063 dicens
1579 1021 1756 1072 offendo,
1788 1036 1945 1072 vereor,

202 1102 254 1129 ne
283 1089 397 1129 istud
428 1088 636 1142 baptisma
667 1088 916 1129 eminentius
946 1088 1001 1129 sit
1029 1087 1101 1129 illo
1132 1088 1395 1142 baptismate,
1441 1090 1553 1142 quod
1582 1103 1656 1142 per
1686 1103 1836 1142 aquam
1865 1091 1948 1129 tra-

204 1155 329 1197 ditur.
368 1153 478 1198 Illud
509 1155 621 1195 enim
651 1157 868 1208 acceptum
901 1153 1022 1195 valde
1053 1155 1176 1208 pauci
1207 1158 1304 1196 sunt
1333 1156 1392 1196 ita
1413 1156 1524 1197 beati
1545 1156 1617 1210 qui
1637 1154 1948 1196 immaculatum

202 1235 333 1276 usque
365 1222 418 1262 ad
449 1222 603 1262 exitum
636 1220 746 1262 vitae
777 1235 943 1262 servare
975 1222 1199 1275 potuerint,
1231 1222 1312 1263 hoc
1341 1236 1440 1264 vero
1471 1222 1679 1276 baptismo
1711 1222 1783 1276 qui
1816 1222 1948 1274 bapti-

202 1290 320 1329 zatus
349 1287 489 1338 fuerit,
531 1301 706 1341 peccare
749 1286 858 1328 ultra
888 1287 972 1328 iam
1001 1302 1086 1329 nou
1116 1290 1267 1342 potest.
1327 1288 1382 1329 Et
1412 1290 1447 1330 si
1476 1289 1743 1330 temerarium
1774 1303 1859 1330 non
1888 1291 1950 1329 est

200 1356 244 1395 in
274 1354 398 1396 rebus
427 1353 581 1395 talibus
602 1355 756 1395 audere
779 1353 953 1408 aliquid,
984 1369 1206 1408 possumus
1229 1355 1365 1397 dicere
1388 1357 1500 1409 quod
1521 1370 1597 1409 per
1615 1355 1720 1396 illud
1741 1355 1949 1408 baptisma

202 1421 427 1475 praeterita
467 1423 640 1474 peccata
676 1424 924 1474 purgantur,
967 1435 1045 1475 per
1073 1422 1185 1462 istud
1215 1436 1315 1463 vero
1344 1422 1469 1463 etiam
1500 1422 1643 1463 futura
1672 1422 1948 1476 perimuntur.

202 1488 267 1530 Ibi
296 1490 469 1541 peccata
499 1487 671 1528 dimissa
701 1490 809 1538 sunt,
842 1487 908 1529 hic
940 1487 1120 1529 exclusa.
1164 1488 1267 1529 Mihi
1298 1489 1332 1529 si
1353 1490 1602 1530 concederet
1622 1488 1748 1539 Deus,
1778 1491 1824 1529 ut
1853 1503 1948 1542 pro-

202 1554 295 1608 prio
337 1555 538 1610 sanguine
582 1553 785 1604 diluerer,
833 1556 880 1595 ut
919 1554 1176 1608 baptismum
1218 1556 1447 1596 secundum
1490 1558 1621 1597 morte
1664 1569 1739 1608 pro
1782 1553 1948 1596 Christo

203 1623 396 1674 suscepta
425 1621 699 1674 perciperem,
731 1634 901 1661 securus
931 1634 981 1661 ex
1010 1621 1091 1662 isto
1122 1620 1288 1662 saeculo
1319 1622 1590 1672 discederem,
1621 1624 1666 1662 ut
1695 1622 1865 1663 veniens
1896 1623 1948 1662 ad

203 1688 386 1728 animam
426 1701 563 1728 meam
605 1688 656 1727 de
699 1687 775 1727 hac
818 1688 903 1727 vita
941 1690 1160 1729 exeuntem
1188 1687 1399 1742 >princeps
1428 1688 1553 1729 huius
1583 1689 1744 1729 mundi<
1774 1703 1856 1730 non
1886 1689 1947 1728 in-

203 1754 365 1795 veniret
395 1753 632 1808 quicquam,
663 1754 765 1808 quin
795 1754 935 1807 potius
966 1756 1007 1794 et
1037 1755 1253 1808 sanguinis
1274 1756 1356 1795 mei
1377 1754 1622 1808 profusione
1644 1755 1852 1808 sopiretur
1873 1769 1947 1796 nec

205 1821 379 1862 auderet
418 1821 463 1861 in
503 1819 643 1874 aliquo
686 1821 899 1862 criminari
941 1821 1124 1861 animam
1165 1835 1313 1862 cruore
1356 1835 1429 1862 suo
1471 1821 1660 1874 dilutam,
1702 1828 1834 1864 morte
1876 1837 1949 1863 sua

137 1915 154 1922 -
206 1886 492 1938 clarificatam,
535 1888 739 1942 sanguine
771 1902 844 1929 suo
875 1887 1018 1929 lotam.
1078 1887 1181 1929 Post
1210 1888 1320 1929 istud
1350 1888 1558 1942 baptisma
1587 1902 1663 1930 nec
1691 1888 1948 1929 Madianitae

206 1952 319 1995 ultra
349 1954 558 1994 irruerent
587 1955 639 1994 ad
671 1955 974 2008 disperdendos
1006 1956 1046 1995 et
1076 1955 1415 1995 exterminandos
1445 1955 1609 1996 animae
1640 1955 1812 1996 fructus.
1851 1954 1949 2004 Quis

322 2119 343 2152 2
369 2117 447 2163 vgl.
474 2117 565 2151 Luk.
589 2118 644 2159 21,
671 2119 714 2153 19
738 2138 781 2142 —
807 2119 830 2153 3
857 2118 959 2153 Rom.
984 2120 1017 2161 ὃ,
1041 2119 1130 2154 3-4
1154 2139 1198 2143 -
1224 2120 1247 2153 6
1273 2119 1347 2164 vgl.
1372 2120 1489 2164 Apok.
1514 2121 1545 2162 5,
1570 2121 1591 2155 9
1615 2139 1658 2144 —
1685 2119 1750 2155 8ff
1771 2120 1846 2165 vgl.
1863 2120 1946 2154 Ter-

206 2184 293 2220 tull.
318 2185 363 2220 de
386 2184 570 2230 baptismo
589 2197 618 2220 c.
637 2185 694 2220 16:
720 2187 775 2220 est
800 2185 947 2230 quidem
973 2185 1081 2221 nobis
1105 2185 1218 2221 etiam
1244 2187 1443 2221 secundum
1469 2186 1660 2222 lavacrum
1678 2213 1687 2222 .
1705 2213 1713 2221 .
1731 2213 1739 2221 .
1758 2186 1950 2232 sanguinis

207 2252 360 2295 scilicet,
386 2253 431 2287 de
456 2264 526 2297 quo
545 2252 715 2288 dominus
736 2253 894 2288 »habeo«
913 2252 1037 2297 inquit
1056 2253 1259 2299 »baptismo
1277 2254 1434 2298 tingui«,
1464 2266 1546 2289 cum
1562 2254 1636 2289 iam
1652 2253 1794 2289 tinctus
1810 2254 1950 2289 fuisset.

207 2319 372 2356 Venerat
396 2320 494 2355 enim
524 2331 588 2366 per
613 2331 745 2364 aquam
783 2321 820 2356 et
856 2320 1074 2365 sanguinem
1099 2348 1106 2356 .
1126 2347 1159 2354 ..
1185 2332 1251 2356 nos
1286 2321 1408 2357 facere
1444 2333 1541 2366 aqua
1570 2322 1732 2362 vocatos,
1770 2320 1950 2366 sanguine

209 2387 358 2424 electos.
405 2387 480 2423 Hos
517 2399 601 2422 suos
635 2387 839 2433 baptismos
877 2388 921 2422 de
946 2388 1098 2423 vulnere
1123 2388 1275 2434 perfossi
1311 2388 1440 2424 lateris
1465 2389 1588 2425 emisit
1612 2416 1620 2424 .
1637 2417 1646 2426 .
1663 2417 1671 2425 .
1695 2389 1756 2424 hic
1779 2391 1844 2432 (sc.
1870 2401 1949 2424 san-

209 2455 346 2501 guinis)
384 2457 440 2491 est
475 2455 663 2502 baptisma
699 2455 762 2500 qui
798 2455 988 2490 lavacrum
1015 2485 1022 2492 .
1041 2482 1048 2490 .
1067 2481 1075 2489 .
1099 2455 1284 2501 perditum
1309 2456 1431 2491 reddit
1471 2477 1515 2482 —
1556 2459 1606 2493 10
1632 2457 1721 2493 Luk.
1747 2457 1801 2499 12,
1825 2457 1869 2492 50
1907 2477 1950 2481 —

214 2524 265 2559 2⁶2.
290 2523 366 2569 vgl.
390 2523 472 2558 Joh.
495 2523 548 2563 12,
574 2525 615 2559 31

322 2690 346 2725 3
384 2689 484 2735 vero]
521 2691 645 2725 autem
669 2689 713 2734 E,
749 2689 842 2725 nach
881 2691 946 2724 der
970 2689 1079 2735 Vulg.
1195 2691 1219 2725 4
1257 2691 1395 2736 autem]
1432 2701 1518 2726 vero
1549 2691 1590 2734 G,
1626 2691 1719 2726 nach
1752 2692 1815 2726 der
1840 2691 1950 2736 Vng.

212 2759 234 2793 5
261 2757 375 2792 verba
391 2756 528 2792 ADFG
583 2758 600 2792 7
628 2756 816 2802 baptisma
833 2758 877 2801 A,
892 2757 965 2791 Del.
1015 2757 1037 2792 8
1064 2757 1270 2803 baptismus
1292 2758 1333 2800 G,
1349 2759 1516 2795 AchDel.
1542 2758 1717 2805 baptismi
1742 2759 1776 2792 D
1822 2760 1845 2793 9
1871 2759 1949 2793 red-

210 2824 268 2859 dit
291 2825 323 2858 ,1
391 2824 396 2868 Ι
463 2825 526 2859 sed
550 2824 582 2858 A
678 2826 728 2860 10
753 2825 939 2871 baptisma
962 2826 996 2859 Α
1021 2824 1213 2870 baptizare
1238 2826 1306 2870 Dp,
1322 2826 1400 2861 AM.
1412 2827 1485 2862 Del.
1592 2827 1642 2862 13
1667 2825 1890 2871 baptismum
1917 2826 1949 2858 ,1

213 2891 263 2927 14
289 2891 353 2936 qui
377 2896 418 2932 -4-
443 2891 483 2926 id
506 2891 770 2936 BG,Ald.Del.
888 2893 937 2928 16
963 2893 1000 2927 et
1024 2899 1067 2930 <
1092 2893 1124 2926 A
1246 2894 1298 2929 20
1323 2894 1509 2940 baptisma
1538 2894 1568 2929 G
1635 2895 1641 2938 1
1697 2894 1855 2929 mortem
1880 2893 1949 2928 EG

214 2959 262 2994 21
291 2959 498 3004 susceptam
528 2958 557 2992 G
630 2959 681 2995 25
706 2958 888 3004 sanguine
913 2971 977 2994 suo
1002 2959 1118 2995 lotam
1145 2967 1187 2998 <
1213 2961 1243 2994 Α
1339 2963 1390 2997 ‘36
1416 2963 1452 2996 et
1477 2960 1774 2998 exterminandos
1799 2969 1841 3000 <
1866 2964 1898 2996 Α

1966 1035 2020 1059 -267
2042 1031 2159 1058 Lomm.
