2341 3382
729 318 766 351 in
794 318 871 352 Lib.
899 318 976 352 Iesu
1003 317 1106 352 Nave
1131 316 1294 352 Homilia
1320 316 1413 359 VIII,
1441 318 1527 349 1-—2
1915 318 1990 358 337

353 435 390 474 2.
431 431 510 473 His
552 430 706 471 auditis
748 428 973 470 verisimile
1018 432 1077 469 est
1120 429 1333 473 auditores
1375 429 1531 469 dicere:
1585 442 1667 482 quo
1720 427 1822 467 mihi
1862 427 1991 467 haec?

244 499 355 548 Quid
385 498 488 539 mihi
517 496 694 547 confert,
737 497 771 536 si
815 508 1066 549 cognoscam
1097 497 1210 549 quod
1252 495 1353 535 victi
1396 496 1493 535 sunt
1533 494 1591 543 hi,
1633 494 1705 548 qui
1748 492 1993 534 habitabant

243 565 335 615 Gai,
365 564 485 619 quasi
514 577 599 604 non
629 562 783 603 similia
825 566 896 603 aut
938 562 1064 602 etiam
1107 562 1344 621 potentiora
1386 560 1497 601 bella
1537 559 1602 600 vel
1645 562 1763 613 gesta
1805 560 1887 599 sint
1927 557 1994 598 vel

244 633 471 686 gerantur?
528 629 645 670 Haec
675 629 758 669 fuit
789 642 889 669 cura
920 628 1100 681 Spiritus
1131 628 1278 674 saneti,
1321 630 1367 667 ut
1396 626 1553 667 relictis
1594 629 1657 667 tot
1699 629 1738 665 et
1782 628 1992 665 tantarum

198 704 219 738 5
244 696 445 739 nobilium
476 696 651 737 excidiis
681 695 847 736 urbium
889 694 1099 748 proelium
1130 694 1314 735 civitatis
1346 692 1422 733 Gai
1463 693 1663 746 scriptum
1708 692 1835 733 sacris
1877 689 1993 732 volu-

241 763 425 805 minibus
456 763 758 803 mandaretur?
807 760 1097 802 Temerarium
1118 760 1296 801 fortasse
1319 760 1387 810 sit,
1409 761 1522 813 quod
1543 759 1735 808 facimus,
1755 760 1842 797 tam
1863 759 1993 797 ardua

243 833 284 871 ct
309 832 397 870 tam
428 828 620 870 difficilia
649 826 893 881 Scripturae
924 830 1093 868 sanctae
1122 826 1216 868 loca
1246 825 1471 879 explanare
1502 828 1719 872 conantes;
1751 825 1824 864 sed
1854 823 1890 863 si
1919 837 1994 863 nos

175 919 178 921 Α
242 896 503 938 orationibus
524 896 672 936 vestris
702 895 866 943 iuvetis,
896 909 979 935 non
1000 893 1136 935 solum
1157 892 1323 946 culpam
1345 891 1594 946 effugiemus
1616 892 1827 940 audaciae,
1849 903 1993 930 verum

241 965 282 1006 et
310 963 578 1004 devotionem
609 964 797 1018 nostram
828 960 1047 1014 amplexus
1076 959 1205 1000 Pater
1247 959 1371 999 Verbi
1409 958 1522 999 Deus
1560 958 1696 999 >dabit
1737 957 1910 997 verbum
1952 956 1994 995 in

173 1037 217 1072 10
240 1029 557 1083 adapertionem
588 1029 672 1070 oris
702 1027 867 1077 nostri<‚
899 1041 982 1080 quo
1013 1030 1054 1067 et
1084 1035 1159 1068 vos
1189 1026 1468 1067 aedificemini
1510 1028 1550 1066 et
1580 1038 1656 1065 nos
1686 1038 1769 1064 non
1805 1022 1994 1063 indevoti

240 1109 473 1150 pareamus.
531 1094 710 1137 Orantes
742 1107 843 1149 ergo
874 1097 915 1135 et
943 1093 1096 1134 intenti
1126 1093 1276 1133 animis
1308 1093 1460 1133 audite.
1521 1090 1664 1132 Primo
1690 1091 1865 1144 propter
1899 1102 1994 1141 pec-

239 1165 332 1204 cata
372 1163 475 1204 victi
515 1177 657 1203 sumus
701 1165 742 1203 et
771 1150 829 1212 hi}
867 1162 943 1215 ¹qui
986 1160 1233 1201 habitabant
1274 1158 1363 1209 Gai,
1407 1157 1739 1213 quamplurimos
1783 1170 1831 1195 ex
1872 1154 1995 1195 nobis

239 1229 556 1271 interfecerunt.
617 1227 694 1269 Gai
724 1229 1026 1281 interpretatur
1056 1226 1203 1268 Chaos.
1262 1224 1399 1278 Chaos
1429 1227 1568 1266 autem
1588 1223 1726 1266 locum
1748 1222 1814 1263 vel
1834 1221 1994 1263 habita-

240 1295 381 1338 culum
424 1310 511 1336 esse
552 1297 749 1337 novimus
780 1294 1089 1336 contrariarum
1119 1294 1336 1345 virtutum,
1379 1306 1555 1345 quarum
1597 1304 1670 1331 rex
1713 1292 1753 1330 et
1800 1289 1994 1342 princeps

172 1367 214 1402 15
240 1362 433 1404 diabolus
463 1365 536 1403 cst.
593 1363 806 1403 Adversus
837 1361 948 1402 hunc
978 1360 1154 1401 veniens
1183 1358 1301 1400 Iesus
1331 1359 1376 1399 in
1397 1360 1500 1399 duas
1521 1360 1660 1411 partes
1683 1356 1835 1397 dividit
1863 1369 1994 1408 popu-

238 1429 326 1471 lum
357 1432 397 1470 et
427 1429 532 1470 alios
561 1429 735 1483 quidem
778 1429 821 1468 in
864 1427 1009 1481 primis
1040 1427 1200 1477 statuit,
1243 1425 1347 1466 alios
1388 1425 1431 1465 in
1473 1423 1789 1478 posterioribus,
1832 1421 1904 1474 qui
1945 1434 1994 1461 ex

239 1498 453 1549 insperato
484 1498 579 1549 post
608 1498 728 1549 terga
760 1494 931 1535 veniant
960 1492 1240 1534 inimicorum.
1298 1491 1352 1532 Et
1382 1492 1491 1541 vide,
1522 1491 1557 1532 si
1593 1505 1678 1531 non
1719 1489 1856 1542 prima
1897 1501 1994 1541 pars

240 1565 303 1604 est
332 1561 478 1616 populi
509 1561 596 1612 illa,
629 1563 679 1602 de
711 1576 792 1615 qua
824 1560 946 1602 dicit:
995 1575 1102 1601 »non
1131 1559 1230 1599 veni
1259 1558 1342 1599 nisi
1385 1559 1437 1598 ad
1479 1571 1577 1598 oves
1618 1556 1806 1609 perditas
1844 1556 1994 1596 domus

238 1627 440 1671 Istrahel«
474 1632 514 1669 et
545 1630 595 1670 de
627 1643 709 1682 qua
740 1627 844 1668 dicit
876 1625 1121 1680 Apostolus:
1157 1627 1317 1679 »gratia
1347 1626 1487 1665 autem
1518 1626 1558 1664 et
1587 1637 1668 1676 pax
1691 1621 1805 1663 omni
1826 1619 1989 1661 homini

168 1702 215 1737 20
241 1695 432 1750 operanti
460 1695 632 1745 bonum,
662 1692 820 1735 Iudaeo
850 1693 1045 1746 primum,
1075 1695 1175 1733 tunc
1207 1692 1332 1732 etiam
1364 1693 1404 1731 et
1435 1689 1635 1740 Graeco«,
1664 1689 1710 1729 id
1740 1690 1803 1729 est
1836 1685 1993 1728 Gentili

240 1761 477 1816 posteriori.
525 1759 608 1802 Iste
630 1773 730 1814 ergo
753 1759 934 1813 populus
957 1762 1031 1809 est,
1062 1758 1134 1813 qui
1153 1759 1200 1798 in
1224 1758 1373 1811 primis
1393 1757 1593 1798 statuitur
1623 1762 1663 1796 et
1683 1754 1803 1808 quasi
1825 1753 1992 1807 fugiens

239 1842 335 1870 cum
363 1826 470 1869 Iesu.
529 1826 748 1868 Posterior
789 1840 888 1866 vero
918 1825 1100 1879 populus
1136 1827 1210 1874 est,
1252 1824 1326 1878 qui
1367 1838 1413 1864 ex
1459 1822 1656 1876 gentibus
1699 1822 1991 1874 congregatur,

240 1895 394 1949 quique
425 1907 475 1935 ex
504 1894 718 1947 insperato
748 1893 964 1934 venientes
994 1915 1048 1920 ——
1077 1892 1170 1945 quis
1201 1891 1314 1931 enim
1345 1891 1532 1943 speraret
1562 1890 1709 1943 gentes
1740 1886 1918 1928 salvari?
1939 1909 1992 1918 2-

240 1962 375 2003 acrius
405 1963 501 2014 post
528 1963 695 2013 tergum
725 1959 989 2000 adversarios
1020 1960 1221 2005 caedunt3
1253 1960 1292 1998 et
1322 1957 1383 1998 sic
1412 1958 1588 2008 uterque
1610 1953 1790 2008 populus
1811 1952 1992 1994 media-m

171 2033 216 2067 25
239 2031 421 2070 turmam
452 2028 704 2068 daemonum
726 2024 967 2067 conclusam
995 2025 1144 2066 sternit
1172 2027 1213 2065 et
1233 2024 1378 2065 vincit.
1429 2021 1511 2064 Sed
1533 2022 1710 2063 fortasse
1732 2021 1847 2061 dicas
1867 2019 1990 2062 mihi:

240 2095 451 2149 quomodo
494 2105 596 2147 ergo
617 2092 748 2146 *quasi
777 2092 947 2145 fugiens
977 2092 1150 2145 ponitur
1179 2090 1359 2145 populus
1389 2089 1532 2143 prior?
1590 2087 1646 2128 Et
1686 2086 1808 2128 valde
1846 2099 1991 2136 conse-

240 2162 430 2216 quenter.
488 2159 650 2212 Fugere
682 2158 837 2199 etenim
867 2158 948 2199 visi
991 2161 1101 2208 sunt,
1144 2158 1216 2212 qui
1257 2158 1490 2211 sequuntur
1528 2153 1680 2205 Iesum,
1723 2169 1746 2194 a
1785 2152 1991 2206 legalibus

351 2337 376 2371 9
403 2336 476 2381 vgl.
502 2336 609 2370 Plato
630 2336 792 2380 Sympos.
813 2334 933 2369 177D:
960 2336 1082 2378 πατὴρ
1108 2339 1174 2369 τοῦ
1199 2334 1331 2378 λόγου;
1357 2331 1540 2376 Weyman
1566 2342 1610 2364 zu
1630 2329 1781 2374 Origen.
1806 2330 1851 2364 de
1875 2328 1990 2374 princ.

2017 1369 2052 1394 :6
2071 1369 2187 1395 Lomm.

240 2404 360 2440 Praef.
385 2405 416 2446 1,
434 2406 453 2438 1
481 2404 514 2438 s,
543 2404 575 2445 4,
603 2403 730 2437 4K012.
757 2415 790 2436 u.
816 2403 884 2437 Bd.
902 2402 918 2435 1
944 2402 976 2436 s
1009 2403 1082 2444 106,
1112 2402 1155 2436 ‘21
1194 2421 1235 2426 —
1272 2400 1346 2444 vgl.
1383 2398 1513 2444 Ephes.
1540 2399 1571 2441 6,
1599 2398 1641 2433 19
1678 2418 1721 2422 -
1756 2399 1806 2432 13
1847 2396 1921 2441 vgl.
1951 2396 1990 2430 in
2015 2447 2020 2453 ·

240 2471 347 2508 Num.
371 2472 468 2506 hom.
494 2472 557 2513 ‘273
582 2471 694 2505 Wutz
719 2483 741 2505 a
770 2483 802 2504 a.
821 2469 861 2504 O.
889 2471 921 2505 S.
941 2470 1016 2505 139.
1041 2469 1106 2505 381
1132 2489 1175 2493 —
1204 2469 1251 2503 18
1278 2467 1411 2502 Matth.
1438 2469 1491 2508 15,
1517 2466 1561 2500 24
1585 2485 1628 2490 —
1656 2466 1705 2500 19
1744 2464 1847 2499 Rom.
1873 2466 1904 2505 2,
1931 2465 1990 2509 103

242 2540 315 2584 vgl.
340 2539 488 2585 Origen.
514 2539 651 2574 Comm.
677 2539 717 2572 in
744 2538 847 2572 Rom.
873 2539 904 2579 2,
930 2539 948 2572 Τ
977 2537 1041 2580 (VI
1059 2538 1103 2573 94
1128 2549 1162 2572 u.
1179 2538 1222 2572 97
1242 2536 1410 2579 Lommssjz
1438 2534 1610 2576 Graecus,
1636 2533 1674 2567 id
1702 2533 1758 2567 est
1784 2531 1945 2566 Gentilis

354 2695 376 2728 2
402 2695 439 2729 hi
466 2701 509 2732 <
534 2695 567 2728 D
622 2695 627 2738 ι
683 2693 722 2728 hi
748 2693 811 2737 qui
838 2700 880 2729 <
907 2694 954 2725 ,ιι
977 2693 1036 2738 *hii
1064 2693 1098 2726 P
1210 2693 1233 2727 3
1260 2692 1347 2725 sunt
1371 2691 1403 2724 A
1521 2690 1544 2724 4
1571 2671 1720 2734 spiritui
1746 2688 1875 2723 sancto
1897 2672 1934 2719 ’Β
1983 2687 1986 2730 1

239 2763 502 2806 tantarumque
527 2762 560 2795 Β
652 2763 675 2797 ἶ)
702 2761 924 2806 inscriptum
952 2760 1079 2803 1120F,
1097 2761 1173 2794 Md.
1199 2758 1355 2794 inscribi
1380 2758 1416 2791 Ε
1507 2759 1557 2792 10
1588 2755 1866 2801 adapertionem
1891 2754 1994 2789 BCF

240 2828 479 2874 adapertione
504 2828 579 2872 El),
594 2830 674 2865 ΑΜ.
689 2830 775 2871 Del„
800 2828 969 2873 richtig?
1005 2826 1062 2871 (ἐν
1087 2826 1240 2870 ἀνοίξει)
1256 2825 1496 2872 'apertionem
1519 2825 1543 2858 (l
1567 2823 1758 2869 apertione
1783 2824 1854 2864 An,
1894 2822 1987 2856 nach

239 2895 437 2941 derVulg-
547 2898 598 2932 11
623 2896 779 2932 intentis
807 2895 1097 2937 212BCI)J‹‘,Ald.
1208 2896 1258 2930 15
1285 2894 1480 2928 adversum
1512 2891 1541 2926 C
1650 2892 1696 2926 l'e'
1725 2891 1898 2935 posterga
1926 2889 1992 2924 OE

242 2965 290 2999 19
316 2963 518 3009 apostolus]
536 2964 671 2999 Paulus
690 2965 731 3006 P,
747 2965 831 3006 Dal„
857 2964 935 3009 vgl.
958 2963 1022 2998 TU
1040 2963 1094 3004 42,
1113 2964 1131 2997 1
1151 2963 1184 2997 S.
1203 2962 1245 2997 ΤΟ
1300 2963 1305 3003 Ι
1361 2960 1502 2995 homini
1521 2966 1563 2997 <
1582 2959 1657 3002 ΑΡ,
1683 2959 1777 2992 nach
1796 2959 1860 2992 der
1878 2957 1985 3001 Vulg.

236 3032 296 3075 (ετ
311 3042 366 3076 gr.
391 3031 496 3074 Text)
590 3033 639 3066 21
667 3032 828 3066 struitur
855 3031 888 3065 J«)
979 3032 1029 3066 24
1058 3031 1272 3076 postergum
1301 3028 1386 3071 GEs
1451 3029 1500 3062 26
1527 3039 1572 3057 ω
1598 3026 1697 3072 prior
1723 3025 1877 3070 populus
1895 3025 1926 3058 Α
1978 3025 1983 3066 l

240 3100 278 3134 et
304 3106 345 3137 <
372 3100 450 3141 Al),
466 3099 544 3133 ild.
560 3099 632 3134 Del.
728 3099 776 3134 ’.Π
806 3111 827 3133 a
853 3106 894 3135 <
920 3098 953 3132 E

314 3158 500 3188 origenes
520 3157 593 3185 VII.
1653 3150 1695 3183 2⁵2
