2373 3522
281 1011 323 1043 js)

348 301 371 339 2
378 301 427 339 56
1133 293 1310 337 Origenes

350 423 470 449 verus
503 410 674 446 naturae
705 404 969 445 rationabilis
1000 419 1136 445 sermo
1169 405 1246 446 Dei
1280 407 1352 445 est.
1414 404 1496 445 Sed
1519 406 1627 445 sicut
1647 404 1689 444 in
1712 403 1980 444 nutrimentis
2003 417 2091 443 cor-

349 474 462 526 poris
494 472 645 513 inultas
677 471 802 524 paulo
834 474 928 511 ante
961 471 1154 511 dedimus
1185 469 1457 521 differentias,
1489 470 1546 511 ita
1576 474 1616 511 et
1646 474 1794 511 natura
1818 469 2092 520 rationabilis,

349 554 453 592 quae
484 539 645 579 ratione
678 541 718 579 et
747 537 876 578 verbo
910 536 998 587 Dei,
1031 536 1077 578 ut
1107 536 1300 587 diximus,
1332 537 1532 589 pascitur,
1563 552 1646 578 non
1678 537 1814 577 omnis
1845 550 1928 576 uno
1965 538 2088 588 atque

349 607 494 646 eodem
528 605 655 645 verbo
688 604 882 644 nutritur.
947 603 1065 644 Unde
1096 605 1149 644 ad
1179 603 1496 644 similitudinem
1535 603 1765 657 corporalis
1808 601 1987 655 exempli
2030 604 2092 643 est

348 671 477 724 aliqui
509 671 633 712 etiam
666 671 710 711 in
743 671 868 710 verbo
901 669 978 710 Dei
1008 670 1126 710 cibus
1156 669 1319 720 >lactis<,
1359 669 1545 722 apertior
1580 669 1741 710 scilicet
1778 667 2092 722 simpliciorque

348 737 550 786 doctrina,
584 739 629 777 ut
660 739 710 777 de
740 736 971 778 moralibus
1004 750 1091 777 esse
1123 736 1243 785 solet.
1285 749 1391 790 quae
1423 736 1615 789 praeberi
1657 736 1874 777 consuevit
1910 734 1986 783 his,
2023 735 2094 787 qui

348 804 465 844 initia
495 804 650 844 habent
681 804 723 843 in
746 803 903 843 divinis
925 802 1076 843 studiis
1099 806 1139 843 et
1161 803 1296 856 prima
1325 802 1575 843 eruditionis
1605 801 1866 843 rationabilis
1889 801 2094 842 elementa

349 870 590 923 suscipiunt.
650 869 725 909 His
757 881 858 923 ergo
889 883 983 910 cum
1016 869 1216 910 recitatur
1246 868 1342 909 talis
1375 868 1517 922 aliqua
1549 868 1793 909 divinorum
1832 867 2094 909 voluminum

347 935 486 987 lectio,
517 936 561 975 in
593 951 673 988 qua
704 950 787 977 non
818 936 1013 976 videatur
1044 934 1205 988 aliquid
1237 934 1475 985 obscurum,
1506 934 1686 975 libenter
1721 934 1945 988 accipiunt,
1978 933 2095 975 verbi

349 1016 485 1052 causa,
516 1005 561 1042 ut
591 1004 653 1042 est
682 1001 850 1043 libellus
881 1001 1034 1042 Hester
1063 1003 1134 1042 aut
1164 998 1314 1042 Iudith
1347 1001 1414 1041 vel
1446 1000 1569 1041 etiam
1601 999 1757 1042 Tobiae
1789 1003 1861 1041 aut
1897 1001 2094 1041 mandata

348 1068 607 1122 Sapientiam
639 1069 672 1108 si
703 1082 802 1109 vero
834 1067 999 1121 legatur
1030 1068 1066 1108 ei
1096 1068 1206 1109 liber
1235 1067 1428 1115 Levitici,
1462 1066 1691 1108 offenditur
1712 1068 1910 1107 continuo
1932 1066 2094 1108 animus

348 1139 388 1176 et
417 1136 535 1188 quasi
565 1150 650 1177 non
680 1150 800 1176 suum
830 1134 988 1188 refugit
1018 1135 1173 1176 cibum.
1232 1134 1311 1183 Qui
1344 1134 1453 1175 enim
1496 1134 1622 1187 venit,
1665 1136 1710 1174 ut
1752 1133 1931 1175 disceret
1959 1133 2091 1174 Deum

348 1201 497 1251 colere,
528 1201 715 1242 iustitiae
746 1215 794 1241 ac
826 1201 994 1254 pietatis
1025 1202 1111 1241 eius
1142 1203 1367 1254 praecepta
1398 1200 1622 1254 suscipere,
1654 1200 1772 1240 audit
1810 1200 2006 1240 mandata
2043 1201 2095 1240 de

347 1268 563 1309 sacrificiis
601 1269 693 1309 dari
725 1271 766 1309 et
795 1266 1132 1308 immolationum
1172 1267 1277 1308 ritus
1319 1267 1474 1317 doceri,
1517 1268 1728 1320 quomodo
1769 1281 1854 1307 non
1896 1265 2095 1321 continuo

303 1343 318 1375 ιῗ
347 1335 499 1375 avertit
529 1334 716 1375 auditum
754 1336 793 1375 et
830 1336 1043 1386 tamquam
1083 1348 1168 1387 non
1211 1333 1292 1375 sibi
1323 1335 1467 1386 aptum
1499 1332 1635 1373 cibum
1679 1334 1872 1373 recusat?
1932 1330 2012 1373 Sed
2056 1335 2097 1373 et

348 1401 466 1451 alius,
498 1415 592 1441 cum
623 1399 822 1455 leguntur
853 1399 1070 1453 evangelia
1099 1399 1167 1441 vel
1197 1399 1425 1452 Apostolus
1457 1402 1528 1440 aut
1557 1399 1720 1452 psalmi,
1753 1398 1888 1440 laetus
1909 1399 2095 1452 suscipit,

348 1468 526 1508 libenter
556 1466 826 1520 amplectitur
857 1470 897 1507 et
929 1465 1044 1507 velut
1080 1466 1267 1507 remedia
1310 1467 1515 1519 quaedam
1559 1466 1818 1507 infirmitatis
1860 1480 1958 1506 suae
1998 1466 2094 1507 inde

348 1533 548 1588 colligens
581 1535 748 1586 gaudet.
806 1532 916 1573 Huic
960 1534 993 1573 si
1036 1532 1202 1587 legatur
1231 1531 1517 1573 Numerorum
1560 1531 1667 1573 liber
1709 1535 1749 1572 et
1790 1532 1871 1574 ista
1912 1532 2091 1573 maxime

347 1601 451 1650 loca,
484 1615 589 1653 quae.
622 1614 733 1640 nunc
764 1600 967 1640 habemus
997 1599 1040 1640 in
1071 1599 1279 1649 manibus,
1322 1598 1428 1639 nihil
1471 1599 1574 1640 haec
1616 1600 1669 1639 ad
1712 1598 1945 1649 utilitatem,
1987 1597 2092 1639 nihil

308 1704 314 1705 ff
347 1669 399 1708 ad
430 1666 686 1708 infirmitatis
718 1681 814 1707 suae
845 1667 1079 1707 remedium
1110 1665 1374 1706 a11t⁴0ani1nae
1416 1664 1594 1706 salutem
1636 1667 1834 1719 prodesse
1875 1665 2090 1716 iudicabit,

347 1735 419 1775 sed
450 1733 649 1775 continuo
680 1733 880 1773 refutabit
912 1735 951 1773 et
981 1736 1150 1786 respuet
1175 1735 1390 1785 tamquam
1424 1744 1573 1786 graves
1605 1734 1645 1773 et
1675 1746 1872 1774 onerosos
1905 1731 2020 1774 cibos
2052 1734 2090 1774 et

346 1801 417 1855 qui
450 1813 600 1854 aegrae
633 1802 756 1853 atque
787 1799 997 1841 invalidae
1042 1814 1125 1839 non
1169 1801 1411 1852 competant
1453 1799 1630 1840 animae.
1697 1797 1777 1839 Sed
1816 1799 1936 1849 sicut,
1973 1798 2090 1840 verbi

347 1868 483 1921 gratia
514 1891 567 1895 —-
597 1869 643 1907 ut
684 1866 836 1908 iterum
880 1881 928 1908 ex
972 1865 1260 1919 corporalibus
1303 1868 1541 1919 repetamus
1585 1865 1775 1918 exempla
1806 1890 1869 1915 —-‚
1902 1864 2014 1907 leoni
2056 1865 2090 1906 si

346 1936 468 1975 detur
497 1933 747 1983 intellectus,
779 1947 863 1974 non
896 1934 1095 1973 continuo
1118 1932 1306 1986 culpabIt
1325 1933 1627 1973 abundantiam
1649 1932 1873 1973 herbarum
1901 1934 2090 1984 creatam,

346 2002 442 2054 quia
473 2001 559 2053 ipse
591 2000 731 2040 crudis
764 2000 959 2039 carnibus
990 1999 1187 2049 vescitur,
1217 2013 1294 2040 nec
1327 1999 1436 2039 dicet
1466 1998 1558 2039 illas
1589 1998 1799 2052 superfluo
1829 2013 1852 2038 a
1874 1999 2089 2040 conditore

344 2069 583 2122 productas,
616 2066 713 2119 quia
744 2068 831 2119 ipse
865 2080 1007 2106 earum
1051 2065 1145 2106 cibo
1188 2080 1271 2107 non
1313 2065 1455 2115 utitur,
1500 2079 1576 2106 nec
1618 2065 1768 2106 iterum
1811 2065 1950 2116 homo,
1993 2065 2090 2119 quia

344 2149 450 2188 pane
481 2133 655 2187 aliisque
688 2133 793 2185 aptis
825 2132 903 2173 sibi
934 2132 1065 2173 utitur
1096 2132 1320 2181 alimoniis,
1353 2131 1524 2184 culpare
1546 2132 1680 2181 debet,
1713 2145 1787 2172 cur
1808 2131 1956 2173 fecerit
1977 2131 2088 2173 Deus

344 2203 569 2254 serpentes,
603 2214 705 2252 quos
737 2199 876 2240 cibum
908 2198 1050 2239 videat
1078 2199 1279 2252 praebere
1311 2199 1458 2249 cervis,
1502 2213 1636 2252 neque
1667 2198 1758 2239 ovis
1790 2200 1862 2238 aut
1893 2198 1967 2239 bos
2001 2197 2086 2239 cul-

344 2283 457 2322 pare,
488 2267 605 2307 verbi
620 2280 754 2318 causa,
786 2267 898 2318 quod
913 2264 1002 2306 aliis
1017 2265 1270 2307 animalibus
1287 2265 1484 2306 carnibus
1501 2265 1769 2305 veseidatum
1787 2264 1852 2313 sit,
1875 2278 1970 2305 cum
1986 2264 2086 2317 ipsis

460 2444 481 2478 5
508 2443 583 2485 vgl.
610 2442 620 2475 l
642 2443 728 2476 Kor.
754 2445 784 2483 33,
809 2442 829 2475 ‘2
855 2461 898 2465 ——
924 2441 988 2476 Sff
1009 2442 1085 2485 vgl.
1112 2442 1289 2476 Athamas.
1309 2441 1372 2487 Ep.
1399 2442 1445 2476 ad
1463 2444 1595 2475 Amuu.
1613 2440 1780 2475 Monach.
1799 2439 1929 2483 (XXVI
1948 2441 2035 2475 1178
2050 2440 2086 2475 C.

344 2510 498 2555 Migne):
527 2506 582 2544 {ln
609 2507 688 2544 ἐστὶ
712 2510 775 2543 καὶ
801 2504 912 2552 ἕτερα
930 2509 1054 2555 βιβλία
1073 2508 1214 2545 τοί-των
1233 2507 1374 2552 ἔξωθεν
1393 2509 1436 2545 οἱ·
1453 2509 1725 2551 κανονιζόμενα
1741 2505 1819 2551 μέν,
1845 2506 2086 2551 τετυπωμένα

345 2578 383 2614 δὲ
407 2578 510 2622 παρὰ
538 2582 610 2612 τῶι·
636 2575 812 2620 πατέρων
838 2574 1191 2621 ἀναγιγνώσκεσθαι
1216 2583 1297 2618 τοῖς
1322 2573 1403 2622 ἄρτι
1431 2575 1750 2621 προσερχομένως
1775 2601 1783 2609 .
1801 2601 1834 2609 ..
1862 2576 1986 2619 Σοφία
2014 2577 2088 2610 Σο-

346 2649 540 2688 λομῶντος
564 2648 624 2681 καὶ
654 2645 777 2690 Σοφία
806 2645 926 2690 Σιριέχ
951 2646 1014 2679 καὶ
1041 2640 1173 2689 Έσθὴρ
1199 2646 1264 2680 καὶ
1290 2640 1422 2679 'lm-629
1446 2645 1506 2678 καὶ
1537 2643 1672 2688 Τοβιάς
1697 2642 1772 2679 (καὶ
1792 2644 1926 2686 Διδαχὶχ
1952 2644 2084 2677 καλου-

345 2713 438 2757 μένη
465 2740 472 2747 .
493 2741 500 2748 .
518 2740 525 2747 .
549 2715 610 2748 καὶ
638 2714 658 2746 ὁ
684 2714 864 2756 Ποιμήν-ῃ
891 2713 1034 2756 Probst,
1062 2713 1176 2747 Lehre
1200 2725 1234 2747 u.
1254 2712 1372 2748 Gebet
1396 2711 1433 2745 in
1460 2712 1530 2745 den
1557 2711 1633 2745 drei
1659 2711 1781 2744 ersten
1800 2701 1941 2761 chris-’th
1958 2710 2085 2744 Jahrb.

349 2785 380 2816 S.
407 2782 487 2821 126:
519 2781 703 2822 Hal-nack,
736 2773 833 2815 Uber
859 2781 929 2814 den
955 2780 1123 2825 privaten
1152 2780 1342 2814 Gebrauch
1369 2791 1458 2814 uSW.
1483 2783 1516 2813 ὅ.
1543 2780 1583 2813 51
1610 2778 1760 2822 [Comm.
1787 2778 1823 2811 iu
1851 2773 1954 2812 Cant.
1982 2777 2084 2812 Cant.

346 2849 443 2884 Prol.
467 2849 565 2892 (xiv
591 2850 656 2883 ess
676 2849 839 2892 Loium}

462 3006 498 3040 1.
526 3005 547 3038 '2
575 3003 770 3038 rationalis
801 3005 829 3032 (¹
939 3005 957 3038 1
986 3002 1236 3044 rationabilis}
1264 2998 1349 3036 huic
1377 3003 1402 3035 A
1517 3003 1539 3037 ἴ)
1566 3001 1701 3045 aliquis
1729 3002 1779 3034 Im·
1889 3002 1939 3036 13
1966 3001 2084 3036 colere

348 3076 388 3113 -ξ-
415 3073 451 3106 et
481 3071 508 3101 ('
603 3072 652 3106 14
678 3071 943 3105 immolationis
971 3070 1083 3104 ritum
1110 3071 1136 3102 A
1239 3069 1317 3104 2ss
1339 3069 1463 3113 culpat
1492 3069 1521 3100 l›’

2348 471 2371 506 τι

2352 507 2373 549 ‚¹5

2344 551 2373 605 ‘fi

2114 612 2170 638 333
2189 612 2307 654 pamm.

2109 2206 2164 2232 334
2183 2205 2302 2233 Lomm.
