2341 3382
692 231 730 265 in
759 231 835 266 Lib.
862 233 941 266 lesu
967 233 1070 266 Nave
1096 231 1256 266 Humilia
1284 232 1342 273 xl,
1362 234 1448 266 1-3
1882 232 1959 272 :363

332 347 368 385 2.
399 342 503 385 Cum
535 358 577 385 se
608 343 748 384 anima
778 343 960 385 humana
984 344 1119 386 Verbo
1142 343 1218 385 Dei
1250 343 1484 393 sociaverit,
1516 343 1706 383 dubitare
1728 356 1812 383 non
1837 341 1960 382 debet-

221 409 362 451 statim
403 423 447 451 se
487 409 679 452 inimicos
720 410 960 451 habituram
1003 414 1043 451 et
1086 424 1168 462 eos,
1209 424 1313 464 quos
1344 412 1440 450 ante
1472 409 1674 450 habuerat
1705 409 1875 458 amicos,
1916 407 1959 447 in

220 476 483 518 adversarios
514 490 602 517 esse
623 477 861 525 vertendos,
891 477 1018 530 idque
1040 491 1125 518 non
1144 476 1281 518 solum
1302 476 1390 529 pati
1411 490 1452 516 se
1475 476 1526 516 ab
1548 475 1787 517 hominibus
1808 477 1958 529 speret,

222 556 365 583 verum
397 542 524 583 etiam
555 543 606 583 de
637 543 858 584 contrariis
889 543 1114 584 virtutibus
1144 546 1184 583 et
1215 541 1471 597 spiritalibus
1501 542 1698 595 nequitiis
1719 542 1763 582 id
1784 541 1864 582 sibi
1884 541 1960 581 im-

176 614 198 647 5
224 609 378 650 minere
406 622 483 662 pro
514 611 627 650 certo
658 610 775 651 sciat.
833 608 888 650 Et
916 610 975 651 ita
1005 609 1066 660 fit,
1097 612 1156 660 ut,
1193 610 1264 663 qui
1295 609 1500 650 amicitias
1532 608 1687 662 expetit
1718 606 1825 658 lesu,
1856 606 1962 648 mul-
1981 624 2037 649 4:25)
2061 621 2125 646 oei.

219 678 358 717 torum
400 674 479 715 sibi
516 675 620 716 sciat
648 675 888 717 inimicitias
917 675 1171 718 tolerandas.
1229 675 1341 717 Audi
1371 674 1620 728 Apostolum
1652 673 1830 715 Paulum
1860 674 1963 715 haec

221 743 367 783 eadem
389 741 724 793 confirmantem,
745 755 840 783 cum
863 743 981 784 dicit:
1008 757 1187 794 ›omnes,
1208 742 1281 796 qui
1304 741 1449 783 volunt
1469 742 1535 794 pie
1557 741 1698 782 vivere
1719 741 1760 781 in
1783 740 1962 791 Christo,

221 808 555 862 persecutionem
596 808 850 862 patientur«.
910 808 992 849 Sed
1034 811 1074 849 et
1104 807 1302 850 Salomon
1340 807 1492 848 similia
1523 808 1642 848 dicit:
1689 806 1796 847 »fili«
1828 807 1964 860 inquit

224 876 451 916 »accedens
481 876 535 915 ad
555 875 798 916 servitutem
821 875 991 917 Domini
1010 889 1216 929 praepara
1236 874 1420 916 animam
1440 877 1555 915 tuam
1577 876 1630 914 ad
1649 873 1963 916 tentationem«.

154 943 197 978 10
220 939 531 995 oppugnantur
571 954 672 996 ergo
715 943 841 983 etiam
884 955 994 983 nunc
1037 941 1314 992 Gabaonstae,
1357 941 1655 993 cuiuscumque
1697 941 1810 982 modi
1854 943 1962 991 sunt,

220 1010 395 1061 propter
424 1008 627 1050 amicitias
658 1007 753 1050 Iesu
784 1015 826 1050 et
854 1008 952 1050 licet
981 1008 1064 1049 sint
1091 1008 1215 1062 >ligni
1245 1021 1434 1049 caesores
1465 1009 1505 1048 et
1536 1021 1667 1061 aquae
1699 1010 1964 1061 gestatores:

220 1074 264 1114 id
294 1076 356 1115 est
385 1073 482 1116 licet
511 1074 650 1116 ultimi
679 1075 820 1116 meriti
850 1076 906 1117 sis
935 1076 979 1116 in
1010 1075 1197 1126 ecclesia,
1228 1078 1368 1116 tamen
1398 1074 1478 1116 hoc
1498 1075 1602 1128 ipso,
1633 1074 1731 1128 quia
1752 1076 1805 1114 ad
1825 1072 1963 1115 Iesum

220 1140 422 1194 pertines,
463 1141 782 1196 impugnaberis
813 1157 837 1182 a
866 1142 1048 1196 quinque
1079 1142 1261 1196 regibus.
1320 1140 1403 1182 Sed
1432 1143 1573 1182 tamen
1603 1154 1679 1181 nec
1711 1139 1964 1182 Grabaonita(¹

221 1206 571 1262 derelinquuntur
611 1207 679 1249 vel
721 1211 977 1262 spernuntur
1017 1208 1070 1249 ab
1101 1207 1195 1249 Iesu
1237 1207 1304 1250 vel
1345 1223 1367 1248 a
1410 1208 1586 1249 ducibus
1628 1221 1675 1248 ac
1711 1207 1965 1261 presbyteris

156 1279 197 1313 15
220 1271 568 1325 Istrahelitarum,
611 1276 684 1316 sed
725 1274 960 1316 infirmitati
1002 1289 1146 1317 eorum
1188 1274 1389 1315 auxilium
1430 1274 1582 1315 ferunt.
1639 1274 1726 1315 Aut
1766 1287 1850 1315 non
1890 1273 1964 1314 tibi

220 1341 389 1382 videtur
417 1341 497 1383 hoc
528 1353 654 1395 agere
683 1342 727 1382 in
757 1342 878 1383 nobis
910 1345 951 1382 et
979 1332 1060 1383 boc
1089 1342 1329 1395 praecipere
1358 1341 1465 1382 illud
1487 1340 1679 1394 Apostoli
1706 1342 1964 1391 mandatum,
1987 1347 2179 1375 1⁴·0L0mm-

221 1421 304 1461 quo
336 1408 456 1450 dicit:
490 1408 790 1450 »consolamini
819 1408 1120 1462 pusillanimes,
1152 1409 1352 1449 sustinete
1371 1408 1574 1458 infirmos,
1604 1407 1811 1461 patientes
1832 1409 1963 1448 estote

221 1475 275 1515 ad
304 1488 472 1515 omnes«
498 1477 538 1516 et
566 1476 739 1516 iterum:
775 1490 869 1516 »vos
899 1477 1051 1525 autem,
1074 1476 1344 1529 potentiores,
1374 1474 1682 1516 imbecillitates
1703 1473 1965 1514 infirmorum

222 1542 480 1583 sustinetee?
521 1540 614 1583 Hoc
645 1554 746 1596 ergo
773 1543 899 1583 modo
929 1540 1045 1583 Iesus
1077 1534 1171 1582 cum
1203 1541 1379 1582 ducibus
1401 1544 1442 1582 et
1462 1541 1720 1594 principibus
1741 1541 1826 1581 suis
1848 1542 1966 1581 adest

153 1609 198 1644 20
221 1609 285 1658 iis,
327 1608 396 1662 qui
439 1622 516 1661 pro
558 1609 726 1650 nomine
768 1623 843 1650 suo
885 1623 908 1648 a
950 1609 1171 1649 contrariis
1202 1608 1427 1649 virtutibus
1459 1611 1771 1662 oppugnantur,
1815 1610 1855 1648 et
1885 1621 1967 1648 non

223 1673 359 1716 solum
400 1673 602 1715 auxilium
643 1678 829 1728 praestat
869 1676 914 1716 in
955 1674 1078 1725 bello,
1120 1688 1266 1715 verum
1308 1678 1348 1715 et
1389 1676 1584 1728 producit
1620 1678 1785 1727 tempus
1817 1674 1899 1714 diei
1930 1677 1970 1714 et

223 1742 359 1794 spatia
388 1740 493 1783 lucis
524 1740 739 1795 protelans
769 1743 1000 1782 adventum
1031 1742 1202 1783 discutit
1230 1742 1380 1782 noctis.

333 1810 371 1851 3.
402 1807 606 1849 Volumus
638 1821 752 1863 ergo,
783 1810 817 1849 si
837 1823 1073 1861 possumus,
1104 1809 1338 1859 ostendere,
1369 1809 1580 1862 quomodo
1604 1806 1808 1848 Dominus
1829 1810 1971 1847 noster

223 1873 339 1916 Iesus
368 1874 642 1929 protelaverit
670 1874 806 1917 lucem
837 1878 878 1916 et
908 1876 1108 1916 maiorem
1150 1875 1297 1916 fecerit
1327 1875 1436 1915 diem
1469 1873 1535 1914 vel
1565 1888 1641 1927 pro
1673 1873 1807 1915 salute
1838 1873 1970 1914 homi—

155 1946 200 1981 25
223 1956 324 1982 num
353 1940 421 1982 vel
450 1956 526 1995 pro
556 1942 729 1983 interitu
760 1942 1069 1984 contrariarum
1099 1942 1314 1982 virtutum.
1362 1940 1426 1981 Ex
1457 1955 1540 1994 quo
1571 1942 1742 1981 advenit
1763 1939 1969 1990 Salvator,

223 2007 320 2050 finis
362 2010 451 2050 erat
490 2010 574 2049 iam
617 2010 776 2050 mundi.
836 2008 1025 2062 Denique
1069 2011 1110 2050 et
1138 2009 1226 2061 ipse
1258 2008 1443 2049 dicebat:
1489 2008 1813 2061 »poenitentiam
1845 2008 1969 2061 agite,

224 2075 516 2130 appropriavit
557 2076 668 2116 enim
709 2088 886 2130 regnum
929 2074 1184 2117 coelorum«.
1242 2073 1326 2116 Sed
1355 2075 1529 2115 retinuit
1560 2076 1600 2115 et
1629 2074 1831 2128 repressit
1853 2073 1969 2115 'diem

224 2143 594 2184 consummationis
627 2144 667 2183 et
696 2143 841 2183 adesse
871 2142 1102 2195 prohibuit.
1158 2140 1316 2182 Videns
1353 2142 1463 2182 enim
1494 2140 1608 2181 Deus
1644 2144 1765 2194 pater
1795 2140 1969 2181 salutem

343 2319 360 2354 7
388 2318 422 2352 II
436 2317 529 2353 Tim.
555 2320 586 2360 3,
612 2318 654 2353 12
691 2338 734 2343 —
772 2318 794 2352 8
823 2317 887 2353 Sir.
913 2320 943 2359 2,
972 2320 987 2352 1
1026 2337 1070 2342 -
1109 2319 1154 2352 17
1185 2317 1341 2351 lThess.
1367 2318 1398 2355 5,
1426 2318 1466 2351 14
1502 2337 1544 2341 —
1586 2317 1633 2351 18
1666 2316 1767 2351 Rom.
1794 2318 1847 2359 15,
1874 2318 1890 2350 1
1930 2336 1971 2340 —

227 2386 278 2420 26
303 2385 438 2420 Matth.
462 2386 494 2427 4,
522 2387 562 2420 17

341 2540 364 2575 2
390 2541 502 2575 antea
530 2540 560 2576 G
651 2541 675 2575 6
701 2539 796 2575 sciat
822 2545 861 2579 -†-
888 2550 965 2574 esse
991 2539 1023 2573 B
1091 2541 1096 2546 '
1121 2542 1137 2576 7
1165 2553 1211 2572 ω
1236 2540 1294 2586 pie
1321 2541 1450 2575 volunt
1476 2540 1845 2584 J1EFc-572·.Ald.l)es.,
1877 2539 1971 2574 nach

228 2609 293 2643 der
317 2606 430 2652 Vulg.
474 2609 480 2652 Ι
523 2607 664 2642 christo
690 2612 731 2648 -1-
757 2606 904 2642 domino
924 2608 955 2640 A
983 2612 1024 2647 -†-
1041 2607 1120 2642 iesu
1145 2619 1168 2641 n
1239 2610 1265 2644 9
1291 2607 1351 2643 dei
1368 2608 1479 2650 ADP,
1503 2608 1599 2642 nach
1624 2607 1688 2642 der
1706 2607 1817 2652 Vulg.
1844 2607 1971 2653 (κνρίῳ

184 2722 189 2726 .
228 2674 336 2723 [θεῷ]
365 2673 418 2720 Ο’)
514 2676 564 2711 10
604 2675 780 2719 cuiusque
808 2676 832 2708 A
933 2675 1011 2710 131
1031 2687 1078 2706 ω
1102 2676 1318 2720 gabionitae
1352 2686 1427 2724 non
1454 2676 1485 2709 A
1582 2676 1631 2710 14
1657 2674 1919 2719 relinquuntur
1948 2674 1979 2706 Ι)

211 2743 236 2789 ,ί
293 2741 350 2787 ac]
386 2742 447 2778 vel
483 2754 505 2778 a
539 2742 622 2777 Edu
658 2744 696 2778 et
732 2754 753 2777 a
777 2754 797 2776 r
915 2744 962 2778 15
1001 2743 1064 2777 sed
1089 2749 1131 2780 <
1156 2744 1187 2776 A
1306 2743 1356 2778 16
1381 2742 1420 2776 in
1533 2742 1741 2788 praecipere
1767 2749 1809 2779 <
1836 2742 1971 2783 EAM.

232 2809 279 2844 17
306 2809 405 2853 quod
421 2808 496 2843 Aba
538 2810 544 2854 Ι
587 2821 660 2854 quo
686 2810 778 2862 dicit
795 2817 838 2847 <
855 2810 890 2844 D
932 2812 937 2853 Ι
980 2809 1239 2855 pusillanimos
1261 2810 1336 2843 P*v
1406 2809 1455 2845 21
1484 2821 1609 2844 verum
1628 2818 1670 2848 <
1689 2812 1718 2844 A
1765 2811 1769 2851 Ι
1813 2808 1925 2843 etiam
1947 2809 1979 2841 P

230 2878 281 2912 22
306 2890 353 2907 ex>
376 2876 498 2912 noctis
521 2876 678 2912 discutit
703 2877 758 2920 El!
852 2878 903 2913 ‘23
929 2878 1056 2912 noster
1080 2884 1124 2917 <
1149 2879 1179 2912 A
1275 2878 1326 2912 24
1351 2877 1412 2912 vel
1437 2884 1479 2913 <
1504 2879 1536 2911 A
1642 2878 1693 2913 26
1718 2878 1854 2911 mundo
1881 2878 1908 2910 A
1968 2878 1972 2917 Ι

227 2945 267 2979 et
290 2950 333 2981 <
358 2943 572 2987 ABODEF,
584 2945 756 2980 AlekDel.
851 2946 899 2980 27
928 2944 1159 2991 appropiavit
1187 2945 1220 2978 P
1238 2944 1548 2990 appropinquavit
1574 2945 1742 2981 AOEmc.
1769 2944 1852 2979 Del..
1877 2944 1971 2977 nach

228 3011 293 3046 der
315 3010 428 3055 Vulg.
453 3010 765 3057 appropinquabit
787 3011 872 3055 Bclf,
885 3013 966 3047 ΑΜ.
