2373 3522
295 1148 337 1182 10

293 1478 337 1511 15

293 1811 337 1845 20

295 2142 337 2175 25

364 441 413 477 70
1145 433 1323 478 Origenes

363 563 461 601 pare
493 552 533 589 et
563 561 728 588 mensae
761 545 1144 585 daemoniorun1«..
1178 545 1283 597 Ipsis
1315 546 1439 585 etiam
1460 544 1564 585 illud
1585 546 1686 585 dicit
1717 547 1848 598 quod:
1886 545 2105 586 »conveni-

364 616 526 656 entibus
558 614 676 654 vobis
707 614 750 653 in
772 611 947 653 ecclesia
972 612 1097 652 audio
1119 611 1345 652 schismata
1367 625 1500 660 esse«;
1533 614 1572 652 et
1592 613 1763 653 iterum:
1800 611 2106 664 »unusquisque

364 683 473 722 enim
511 695 626 721 suam
667 693 840 720 coenam
878 677 1110 730 praesumit
1139 677 1183 717 in
1214 678 1525 727 manducando,
1557 680 1598 719 et
1627 678 1734 719 alius
1765 679 1934 731 quidem
1966 678 2107 727 esurit,

362 747 468 787 alius
500 749 638 786 autem
671 745 810 785 ebrius
842 747 943 786 est«.
993 743 1048 784 Et
1078 758 1154 796 pro
1185 743 1250 783 his
1281 742 1444 784 delictis
1474 744 1593 784 dicit:
1628 747 1875 797 »propterea
1904 745 2014 785 inter
2034 758 2107 785 vos

362 812 483 853 multi
517 812 674 852 infirmi
707 814 745 852 et
777 810 893 864 aegri
925 812 966 850 et
995 810 1212 851 dormiunt
1241 808 1377 850 multi.
1436 809 1555 858 Quod
1588 810 1622 850 si
1651 825 1728 851 nos
1758 811 1870 863 ipsos
1899 811 2105 851 iudicare-

362 894 467 929 nmS,
499 893 582 920 non
614 879 759 931 utique
790 878 1114 918 iudicaremur«.
1174 875 1277 917 Post
1307 876 1410 916 haec
1441 878 1579 917 autem
1611 891 1693 917 non
1724 877 1807 917 iam
1838 876 1991 918 delicta
2020 892 2108 918 mo-

362 945 480 995 ralia,
519 947 590 986 sed
627 944 727 984 fidei
764 944 807 984 in
844 944 896 983 iis
934 943 1091 983 crimen
1129 945 1370 998 exaggerat.
1428 942 1500 983 Ait
1530 943 1658 984 enim:
1700 944 1933 996 »quomodo
1964 943 2109 984 dicunt

2127 825 2181 851 302
2201 825 2270 852 Del.

2129 890 2165 916 95
2182 890 2303 918 Lomm.

362 1012 473 1052 inter
501 1026 576 1053 vos
608 1012 775 1063 quidam
808 1011 919 1062 quod
950 1010 1201 1050 resurrectio
1232 1011 1496 1050 mortuorum
1518 1023 1603 1050 non
1624 1010 1751 1057 sit?«;
1785 1011 1824 1049 et
1843 1008 2014 1050 iterum:
2049 1010 2108 1050 »si
2160 1031 2161 1034 =

363 1080 501 1118 autem
534 1076 725 1118 Christus
757 1090 841 1116 non
873 1076 1114 1126 resurrexit,
1151 1090 1258 1116 vana
1290 1078 1352 1116 est
1380 1076 1485 1116 fides
1516 1077 1667 1125 vestra,
1700 1078 1740 1116 et
1770 1075 1907 1116 adhuc
1938 1076 2037 1117 estis
2065 1077 2109 1116 in

363 1145 545 1196 peccatis
578 1144 769 1184 vestris«.
819 1141 1012 1196 Longum
1043 1156 1170 1196 porro
1202 1144 1263 1182 est
1294 1156 1371 1183 nec
1401 1142 1612 1194 praesenti
1643 1141 1896 1183 conveniens
1914 1143 2108 1195 tempori,
2168 1148 2171 1151 '

362 1212 408 1250 ut
437 1209 619 1263 plurima
653 1211 702 1249 de
733 1209 797 1249 his
827 1209 1068 1249 testimonia
1098 1207 1375 1262 proferamus,
1408 1208 1557 1261 quibus
1588 1207 1790 1261 probetur
1819 1209 1931 1262 quod
1953 1208 2007 1256 hi,
2038 1209 2109 1261 qui

360 1277 527 1316 >sancti<
557 1275 766 1326 dicuntur,
799 1289 883 1316 non
910 1265 1111 1316 continuo
1134 1275 1259 1315 etiam
1281 1275 1369 1316 sine
1390 1277 1561 1328 peccato
1585 1288 1675 1315 esse
1694 1273 2005 1328 intelligantur3
2036 1275 2109 1315 sed

362 1343 465 1383 haec
502 1343 728 1396 opinentur
762 1341 846 1394 1111,
884 1342 955 1394 qui
994 1341 1212 1394 scripturis
1249 1340 1400 1382 divinis
1436 1355 1522 1381 non
1558 1340 1735 1382 sollicite
1772 1355 1848 1382 nec
1885 1340 2111 1394 diligenter

361 1409 600 1459 intendunt,
629 1409 676 1448 in
709 1409 860 1461 quibus
892 1407 1048 1449 multae
1081 1421 1169 1448 esse
1201 1405 1465 1448 differentiae
1497 1409 1736 1447 sanctorum
1758 1408 1973 1458 docentur,
2003 1407 2110 1448 sicut

363 1491 385 1516 a
417 1475 539 1516 nobis
571 1478 611 1515 et
639 1475 683 1515 in
715 1475 807 1515 aliis
838 1473 1086 1514 tractatibus
1116 1473 1279 1526 plenius
1311 1474 1470 1514 dictum
1492 1475 1564 1523 est,
1596 1474 1669 1513 sed
1691 1475 1730 1513 et
1752 1487 1875 1524 nunc,
1907 1475 2108 1526 quantum

361 1542 477 1583 locus
508 1542 697 1594 requirit,
729 1542 929 1581 dicemus.
981 1539 1123 1580 Sancti
1154 1540 1353 1580 dicuntur
1373 1540 1584 1592 iidemque
1608 1541 1647 1579 et
1667 1541 1909 1592 peccatores
1929 1539 2005 1590 1111,
2036 1539 2108 1593 qui

361 1609 620 1648 devoverunt
635 1621 676 1647 se
692 1607 861 1660 quidem
876 1605 979 1656 Deo,
1003 1608 1043 1646 et
1066 1608 1438 1663 sequestraverunt
1458 1621 1481 1646 a
1501 1605 1618 1658 vulgi
1641 1605 1957 1646 conversatione
1977 1606 2107 1648 vitam

362 1689 478 1714 suam
500 1675 554 1714 ad
574 1674 666 1724 hoc,
689 1676 735 1714 ut
749 1673 929 1714 Domino
952 1672 1136 1713 serviant
1155 1698 1208 1703 —-
1230 1672 1471 1713 huiusmodi
1494 1685 1594 1726 ergo
1616 1672 1741 1713 homo
1763 1673 1993 1713 secundum
2014 1672 2107 1723 hoc,

363 1742 475 1794 quod
511 1754 553 1781 se
591 1739 741 1781 ceteris
779 1739 941 1780 actibus
979 1738 1237 1780 circumcisis
1268 1738 1450 1780 Domino
1490 1738 1766 1792 mancipavit,
1803 1741 1972 1779 sanctus
2008 1738 2108 1780 dici—

362 1810 431 1847 tur
454 1831 521 1858 —,
551 1808 690 1860 potest
711 1808 851 1846 autem
871 1805 975 1856 fieri,
1008 1807 1055 1845 ut
1076 1805 1120 1845 in
1141 1804 1220 1845 hoc
1241 1804 1346 1858 ipso,
1380 1806 1493 1858 quod
1514 1804 1696 1846 Domino
1721 1805 1916 1856 deservit,
1946 1819 2032 1846 non
2050 1805 2108 1846 ita
2160 1819 2167 1825 ⁴

362 1873 504 1914 omnia
543 1874 681 1927 gerat,
717 1874 764 1912 ut
801 1871 890 1925 geri
928 1871 1146 1924 competit,
1184 1871 1258 1910 sed
1296 1870 1512 1924 delinquat
1546 1871 1589 1911 in
1624 1870 1840 1911 nonnullis
1878 1872 1917 1911 et
1951 1873 2107 1925 peccet.

363 1938 477 1980 Sicut
508 1938 617 1979 enim
648 1939 695 1988 is,
728 1938 798 1992 qui
829 1939 1065 1990 sequestrat
1096 1950 1138 1977 se
1170 1939 1211 1977 et
1242 1939 1439 1990 segregat
1468 1936 1519 1977 ab
1543 1937 1732 1978 omnibus
1754 1936 1928 1988 actibus,
1958 1940 2006 1978 ut
2026 1937 2108 1978 dis-

363 2005 581 2059 ciplinam,
625 2005 743 2045 verbi
785 2004 938 2058 gratia,
979 2003 1210 2044 medicinae
1251 2005 1322 2043 aut
1361 2002 1652 2056 philosophiae
1689 2006 1988 2057 consequatur,
2023 2018 2106 2046 non

362 2073 519 2125 utique,
552 2071 749 2113 continuo
780 2073 826 2112 ut
857 2085 899 2111 se
931 2069 1174 2110 huiusmodi
1194 2068 1418 2110 tradiderit
1439 2069 1683 2122 disciplinis,
1704 2069 1763 2110 ita
1783 2068 1994 2123 perfectus
2016 2070 2108 2121 erit,

361 2141 407 2179 ut
438 2153 522 2180 non
552 2138 792 2178 inveniatur
820 2137 864 2177 in
894 2136 1036 2190 aliquo
1067 2149 1254 2190 peccare,
1284 2135 1413 2176 immo
1444 2136 1582 2189 potius
1613 2134 1795 2189 plurima
1826 2135 2108 2189 delinquendo

362 2206 431 2245 vix
463 2206 515 2245 ad
546 2204 847 2257 perfectionem
869 2202 1099 2256 aliquando
1120 2202 1338 2255 perveniet
1359 2203 1400 2242 et
1418 2203 1571 2250 tamen,
1602 2202 1742 2242 statim
1764 2203 1810 2242 ut
1830 2215 1872 2242 se
1894 2203 1948 2242 ad
1968 2202 2109 2243 huius-

364 2271 478 2312 modi
510 2271 674 2312 scholas
704 2269 891 2319 tradidit,
923 2270 1082 2309 certum
1116 2270 1178 2308 est
1209 2282 1304 2309 eum
1334 2267 1402 2308 vel
1422 2269 1533 2309 inter
1552 2267 1736 2309 medicos
1757 2267 1825 2308 vel
1844 2267 1956 2309 inter
1974 2268 2109 2322 philo-

363 2337 516 2391 sophos
547 2336 773 2387 numerari,
804 2336 863 2376 ita
894 2337 934 2376 et
965 2337 1015 2376 de
1047 2334 1202 2376 sanctis
1233 2334 1525 2387 accipiendum
1547 2336 1609 2374 est
1630 2335 1741 2387 quod
1763 2334 1902 2375 statim
1925 2334 2108 2388 quidem,

366 2406 408 2444 ut
438 2404 652 2457 mancipat
682 2417 724 2444 se
757 2403 850 2456 quis
881 2401 1029 2443 studiis
1060 2401 1310 2451 sanctitatis,
1348 2402 1579 2442 secundum
1609 2400 1702 2450 hoc.
1735 2401 1848 2454 quod
1877 2401 2108 2454 proposuit,

479 2579 499 2613 1
527 2579 543 2612 I
561 2579 646 2612 Kos.
672 2580 725 2621 11,
751 2579 795 2614 18
818 2598 862 2603 -
890 2579 910 2612 2
938 2549 1058 2612 11031.
1084 2577 1136 2619 11,
1161 2576 1204 2610 21
1241 2595 1284 2600 -
1325 2576 1348 2610 4
1374 2576 1390 2609 1
1407 2575 1493 2610 Kor.
1513 2576 1565 2619 11,
1581 2575 1714 2611 30—31
1740 2595 1783 2600 —
1813 2577 1830 2611 7
1857 2555 2110 2618 1Kor.15,12“
2172 2588 2174 2599 ι

364 2666 407 2670 -
434 2646 456 2681 8
483 2645 602 2680 IKor.
630 2647 682 2689 15,
708 2647 750 2680 17
776 2665 818 2670 -—
845 2645 925 2680 161
944 2645 1020 2689 vgl.
1047 2657 1076 2679 z.
1093 2645 1134 2679 B.
1154 2643 1303 2688 Origen.
1329 2642 1368 2677 in
1387 2642 1504 2677 Levit.
1528 2643 1625 2677 hom.
1643 2645 1696 2686 11,
1714 2643 1733 2676 1
1759 2642 1872 2686 (Bd.1
1892 2643 1924 2678 S.
1939 2643 2017 2686 447,
2035 2642 2108 2686 12):

366 2712 484 2762 sibqui
509 2712 607 2747 enim
633 2723 670 2746 se
694 2712 814 2757 ipsum
839 2711 1032 2747 devoverit
1056 2711 1131 2745 Deo
1147 2737 1166 2753 ,.
1194 2737 1201 2745 .
1228 2736 1235 2744 .
1262 2709 1293 2743 si
1318 2709 1399 2758 quiv
1419 2711 1609 2754 separatus
1640 2711 1696 2745 est
1721 2736 1729 2744 .
1757 2737 1763 2744 .
1789 2735 1797 2744 .
1824 2721 1844 2744 a
1869 2708 2021 2754 reliquis
2045 2709 2107 2743 ho-

364 2780 528 2815 minibus
566 2779 766 2815 carnaliter
802 2778 1016 2814 viventibus
1043 2805 1050 2813 .
1078 2806 1084 2813 .
1111 2805 1118 2812 .
1142 2777 1214 2812 iste
1250 2777 1382 2812 merito
1418 2778 1601 2812 >sanctus<
1636 2776 1844 2822 appellatur
1874 2777 1951 2811 und
1974 2776 2106 2811 Borne-

365 2859 476 2882 mann
501 2847 541 2882 in
566 2847 741 2892 investig.
766 2846 1012 2881 monachatus
1038 2845 1129 2891 orig.
1155 2845 1290 2890 quibus
1326 2845 1370 2879 de
1402 2844 1521 2880 causis
1547 2843 1642 2879 ratio
1667 2843 1838 2878 habenda
1864 2843 1913 2878 sit
1937 2842 2108 2889 origenis

366 2915 480 2958 (1885)
511 2915 612 2959 &26

479 3081 503 3115 3
530 3082 576 3115 ad
600 3080 900 3116 manducandum
930 3078 1083 3120 QLAId.
1098 3078 1184 3122 Del„
1208 3078 1303 3112 nach
1328 3078 1392 3112 der
1416 3077 1527 3122 Vulg.
1553 3074 1606 3121 (ἐν
1630 3081 1682 3124 τῷ
1709 3077 1856 3121 φαγεῖν)
1941 3075 1993 3111 61’
2013 3086 2106 3110 mor-

364 3147 459 3182 talia
482 3147 558 3191 BG,
574 3149 653 3182 Ald.
749 3149 799 3183 13
826 3149 863 3183 et
887 3159 956 3183 nec
979 3147 1014 3181 B
1105 3146 1155 3182 15
1181 3156 1203 3180 a
1227 3151 1269 3183 <
1294 3146 1326 3179 A
1404 3145 1454 3180 26
1479 3157 1524 3175 Ν
1550 3143 1749 3188 aliquando
1776 3143 1823 3178 ad
1847 3141 2108 3188 perfectionem

371 3214 435 3248 GE
527 3215 577 3251 28
604 3217 642 3250 et
667 3222 709 3253 <
735 3216 768 3249 D
