2341 3382
783 261 821 295 in
846 261 1024 296 Numeros
1050 260 1212 296 Homilia
1237 261 1347 305 XXV,
1365 261 1453 296 2-3
1901 263 1980 304 235

247 379 386 417 autem
419 377 468 417 de
500 389 548 417 eo
579 376 620 414 et
648 374 692 414 in
722 373 992 427 sequentibus
1022 373 1160 414 adhuc
1192 371 1425 413 evidentius
1457 372 1534 413 hoc
1564 373 1709 414 modo:
1744 374 1809 412 »et
1841 371 1897 412 ait
1931 372 1981 411 ad

248 456 318 484 eos
348 442 529 496 Moyses:
561 453 636 481 our
665 438 804 481 vivam
833 440 1079 481 reservastis
1110 453 1276 480 omnem
1307 438 1535 480 feminam?
1593 437 1713 492 Ipsae
1742 439 1853 479 enim
1874 439 1981 490 sunt,

248 523 353 562 quae
401 507 510 548 filios
557 505 736 548 Istrahel
784 508 1013 547 secundum
1063 506 1239 546 verbum
1279 504 1452 545 Balaam
1501 507 1713 558 apostatas
1755 504 1982 545 fecerunt«.

247 574 560 616 Interficiuntur
589 576 727 614 autem
759 576 799 614 et
828 586 949 626 reges
978 572 1305 613 Madianitarum
1336 575 1459 624 atque
1489 570 1563 621 illi,
1595 571 1666 624 qui
1695 571 1809 624 prius
1840 585 1863 610 a
1894 585 1983 610 mu-

201 645 222 679 5
246 640 418 683 lieribus
447 639 547 680 victi
578 642 685 690 sunt,
716 653 827 680 nunc
859 639 1095 692 expiatione
1134 638 1276 678 habita
1319 640 1358 678 et
1401 639 1517 690 gesta
1560 637 1815 690 poenitentia
1858 637 1982 677 etiam

246 719 366 760 reges
395 706 579 748 vincunt.
637 706 700 746 Ex
723 705 802 746 hoc
822 704 1121 759 intelligamus,
1152 707 1354 758 quantum
1375 703 1513 744 valeat
1534 703 1750 744 conversio
1772 705 1823 744 ad
1838 703 1984 754 Deum,

246 774 448 827 quantum
479 772 614 826 prosit
635 772 871 813 emendatio
893 774 1169 825 peccatorum.
1231 769 1363 811 Omne
1386 769 1676 821 masculinum,
1700 784 1843 811 omnes
1863 781 1983 822 reges

191 872 199 879 .
244 839 570 880 Madianitarum
612 838 837 880 vincuntur
868 841 908 879 et
938 838 1206 892 perimuntur
1234 837 1286 877 ab
1329 836 1406 887 his,
1449 836 1520 890 qui
1561 851 1636 890 per
1677 836 1983 889 correptionem

244 905 414 947 Domini
446 907 486 946 et
515 919 590 958 per
611 907 825 958 gestorum
846 904 1146 958 poenitentiam
1168 903 1351 957 correpti
1382 905 1478 944 sunt
1510 905 1549 943 et
1571 903 1792 944 emendati.
1841 901 1985 951 >Quin-

178 976 223 1012 10
245 985 341 1025 que<
382 984 482 1026 ergo
522 984 658 1025 >reges
699 971 1042 1012 Madianitarum<
1082 970 1322 1011 referuntur
1363 970 1414 1010 ab
1452 969 1740 1010 Istraheliticis
1784 968 1985 1010 militibus

244 1039 440 1093 superati.

356 1107 391 1146 3.
433 1103 515 1146 Sed
547 1107 587 1145 et
623 1104 793 1145 nomina
824 1118 969 1146 eorum
999 1117 1124 1144 curae
1160 1103 1242 1143 fuit
1278 1103 1509 1156 scripturae
1548 1102 1714 1143 divinae
1738 1115 1986 1143 memorare.

249 1171 404 1213 ›Evin‹
449 1171 586 1225 inquit
630 1174 695 1212 »et
731 1170 879 1212 Rocon
922 1173 962 1212 et
1002 1169 1084 1211 Sur
1126 1173 1166 1210 et
1208 1168 1267 1210 Ur
1309 1171 1349 1209 et
1389 1168 1576 1210 Roboc«.
1647 1167 1720 1210 Isti
1763 1170 1872 1219 sunt,
1915 1168 1986 1221 qui

244 1242 424 1293 regnant
453 1239 567 1292 apud
597 1238 863 1288 Madianitas,
901 1251 1006 1291 quos
1043 1250 1241 1290 superare
1280 1239 1320 1276 et
1355 1235 1522 1291 penitus
1560 1236 1686 1276 debet
1722 1234 1986 1289 exstinguere

181 1306 222 1340 15
246 1304 394 1356 omnis,
435 1305 506 1359 qui
546 1303 701 1345 militat
737 1303 838 1346 Deo.
885 1303 1050 1344 .>Evin‹
1091 1317 1271 1356 namque
1316 1301 1509 1343 heluinus
1553 1300 1620 1343 vel
1661 1301 1821 1343 ferinus
1861 1301 1986 1341 inter-

246 1373 445 1426 pretatur.
505 1370 558 1411 Et
599 1372 813 1425 quomodo
855 1370 1012 1424 poteris
1053 1369 1234 1423 >placere
1277 1369 1328 1420 ei,
1371 1369 1443 1422 qui
1483 1371 1523 1410 te
1565 1369 1788 1422 probavit<‚
1829 1368 1861 1408 si
1903 1382 1987 1409 non

247 1437 475 1480 abscideris
505 1453 529 1479 a
559 1440 600 1479 te
632 1440 672 1478 et
702 1437 870 1491 penitus
891 1437 1117 1490 peremeris
1139 1435 1330 1476 beluinos
1359 1438 1399 1475 et
1427 1435 1540 1476 feros
1562 1438 1726 1476 mores?
1769 1434 1988 1483 Quomodo

248 1505 403 1559 poteris
434 1507 488 1546 ad
518 1506 834 1546 mansuetorum
866 1503 1166 1544 beatitudinem
1210 1502 1441 1556 pervenire,
1483 1502 1563 1542 nisi
1605 1501 1720 1555 prius
1761 1501 1988 1542 interficias

247 1570 388 1613 >Evin<
429 1574 468 1612 et
501 1571 625 1613 morti
656 1572 798 1611 tradas
838 1570 967 1612 totius
1009 1570 1250 1611 iracundiae
1293 1569 1531 1610 feritatem?
1599 1568 1691 1622 Ego
1732 1572 1834 1622 puto
1877 1570 1987 1622 quod

181 1640 226 1676 20
249 1638 420 1680 nomina
450 1637 555 1678 haec
584 1637 793 1691 scriptura
824 1637 967 1678 divina
989 1650 1073 1677 non
1094 1650 1170 1690 pro
1193 1636 1369 1677 historia
1391 1635 1639 1685 narraverit,
1661 1637 1734 1676 sed
1755 1649 1831 1688 pro
1852 1636 1989 1676 causis

249 1696 295 1747 et
319 1704 443 1745 rebus
474 1705 692 1757 aptaverit.
752 1701 865 1744 Nam
895 1706 1017 1756 putas
1048 1702 1177 1744 fuerit
1208 1702 1359 1756 aliquis
1389 1702 1448 1742 ita
1484 1701 1648 1753 stultus,
1684 1702 1756 1755 qui
1791 1701 1878 1742 filio
1916 1716 1990 1743 suo

248 1785 402 1813 nomen
432 1770 635 1812 Beluinus
665 1770 930 1823 imponeret?
990 1768 1070 1810 Sed
1102 1770 1183 1811 hoc
1215 1769 1401 1810 arbitror
1430 1769 1565 1822 magis
1600 1769 1712 1821 quod
1737 1768 1992 1809 institutioni

249 1838 484 1879 animarum
517 1837 782 1892 prospexerit
813 1850 951 1877 sermo
984 1836 1162 1887 divinus,
1194 1835 1340 1877 volens
1370 1835 1492 1875 nobis
1523 1836 1744 1876 ostendere
1775 1836 1887 1889 quod
1921 1836 1992 1875 ad-

250 1919 420 1946 versum
449 1904 694 1946 huiusmodi
722 1903 825 1944 vitia
856 1902 1036 1944 militare
1067 1902 1293 1948 debeamus
1324 1904 1364 1943 et
1401 1903 1453 1942 de
1489 1901 1739 1942 habitaculis
1773 1916 1820 1943 ea
1856 1902 1992 1942 carnis

180 1980 224 2016 25
251 1973 422 2014 nostrae
452 1970 678 2025 depellere,
707 1971 812 2011 istos
842 1982 963 2024 reges
994 1969 1143 2023 fugare
1187 1970 1238 2009 de
1279 1980 1412 2022 regno
1456 1968 1644 2022 corporis
1684 1968 1838 2017 nostri;
1881 1970 1994 2022 quod

250 2036 477 2092 Apostolus
509 2037 744 2078 evidentius
775 2037 970 2091 designat
1000 2037 1162 2077 dicens:
1210 2050 1313 2077 »non
1345 2034 1459 2089 {ergo
1501 2037 1649 2088 regnet
1690 2037 1909 2088 peccatum
1950 2036 1993 2075 in

250 2108 389 2147 vestro
420 2103 589 2146 mortali
619 2117 833 2158 corpore«.
891 2102 964 2144 Vis
996 2105 1134 2144 antem
1174 2103 1316 2143 videre
1353 2101 1551 2155 quoniam
1589 2116 1673 2143 non
1709 2101 1845 2143 solum
1881 2103 1991 2155 apud

249 2173 417 2213 sanctos
447 2171 619 2212 nomina
648 2185 724 2224 pro
756 2170 882 2211 rebus
913 2172 1124 2224 aptantur,
1167 2170 1242 2210 sed
1284 2168 1409 2209 etiam
1452 2169 1563 2222 apud
1595 2167 1780 2209 Gentiles
1822 2170 1862 2209 et
1892 2168 1994 2210 Bar-

251 2238 405 2280 baros?
462 2237 525 2279 De
556 2237 709 2280 sanctis
740 2237 910 2291 quidem
941 2239 1088 2278 notum
1125 2239 1199 2287 est,
1237 2249 1312 2276 cur
1342 2235 1499 2276 Abram
1536 2235 1752 2276 Abraham
1788 2236 1994 2277 vocitatus

181 2310 226 2346 30
249 2305 304 2346 sit
335 2307 375 2345 et
411 2303 515 2346 Sara
546 2303 671 2346 Sarra
708 2306 747 2344 et
787 2302 913 2344 Iacob
943 2302 1134 2346 Istrahel.
1192 2302 1428 2343 Doceamus
1467 2304 1605 2342 autem
1643 2303 1756 2354 quod
1791 2315 1881 2342 mos
1917 2302 1995 2343 iste

365 2484 385 2519 1
412 2483 519 2518 Num.
545 2484 598 2526 31,
626 2484 758 2518 15—16
782 2502 827 2507 —
851 2482 916 2518 91.
943 2482 993 2517 13
1019 2481 1126 2516 Num.
1143 2482 1197 2523 31,
1215 2481 1236 2516 S
1260 2500 1304 2504 ——
1332 2481 1380 2515 13
1408 2479 1482 2524 vgl.
1500 2478 1613 2514 Wutz
1632 2479 1664 2514 S.
1683 2479 1748 2515 661
1774 2499 1817 2504 —
1844 2480 1893 2514 16
1920 2479 1994 2524 vgl.

252 2550 284 2585 11
300 2550 393 2586 Tim.
417 2551 449 2596 2,
472 2553 496 2588 4
531 2570 575 2574 —
612 2551 663 2586 26
689 2550 792 2585 Rom.
817 2551 849 2592 6,
875 2551 918 2584 12
942 2569 986 2574 -
1012 2549 1093 2584 2ss
1124 2548 1199 2594 vgl.
1226 2547 1315 2583 Gen.
1341 2548 1395 2589 17,
1421 2548 1456 2587 5;
1483 2548 1537 2589 17,
1563 2548 1621 2587 15;
1649 2545 1738 2582 Gen.
1762 2547 1816 2589 35,
1841 2547 1896 2590 10,
1920 2547 1997 2592 vgl.

251 2618 346 2653 auch
370 2631 398 2653 z.
415 2618 457 2653 B.
482 2618 521 2653 in
547 2618 636 2653 Gen.
661 2619 758 2654 hom.
783 2619 814 2662 8,
839 2620 877 2658 13
901 2618 956 2659 15,
980 2616 1000 2650 4

368 2774 387 2809 1
418 2773 728 2818 consequentibus
760 2773 789 2808 G
895 2773 916 2807 6
944 2771 1115 2807 vicerunt
1144 2771 1173 2806 O
1237 2771 1242 2815 1
1313 2770 1466 2805 valeant
1491 2769 1659 2805 conversi
1682 2769 1717 2804 B
1827 2771 1844 2805 7
1873 2780 1998 2804 omnes

251 2840 408 2876 maseuli
432 2840 467 2875 B
573 2842 597 2876 9
624 2840 781 2876 correcti
805 2841 839 2874 D
949 2840 997 2875 12
1024 2840 1063 2874 et
1086 2845 1129 2876 <
1159 2838 1189 2872 C
1296 2838 1345 2874 14
1371 2837 1581 2883 regnabant
1604 2836 1638 2870 B
1737 2838 1787 2872 22
1813 2850 1858 2868 ω
1882 2836 1999 2872 belui-

252 2920 341 2943 num
375 2919 510 2944 nomen
534 2908 569 2943 B
631 2909 637 2951 Ι
703 2907 943 2943 instructioni
972 2906 1036 2949 Qq,
1052 2907 1125 2941 Del.
1243 2906 1293 2941 24
1330 2905 1496 2940 militare
1522 2908 1564 2945 —{—
1589 2904 1651 2940 sed
1676 2905 1714 2939 et
1738 2915 1943 2950 repugnare
1967 2903 2001 2937 B

255 2976 305 3012 25
332 2975 516 3021 expellere
537 2975 567 3010 G
657 2977 708 3012 30
737 2975 838 3020 Sara]
865 2974 962 3010 sarai
985 2973 1067 3019 Cdy,
1082 2974 1160 3009 Ald.
1175 2974 1249 3008 Del.
1294 2974 1299 3017 Ι
1344 2972 1459 3017 sarra]
1478 2983 1562 3007 sara
1577 2972 1652 3017 σάς,
1666 2972 1849 3015 Ald.Del.,
1874 2971 2000 3006 beides

253 3044 349 3078 nach
375 3043 438 3078 der
463 3042 576 3089 Vulg.

2008 1181 2061 1207 307
2080 1179 2199 1208 Lomm.
