2373 3522
319 312 343 350 2
1108 304 1285 350 Origenes

319 432 466 469 suum<,
510 417 617 459 sicuh
647 416 849 470 scriptum
881 418 955 466 est,
996 418 1054 457 >et
1083 418 1291 470 producat
1320 430 1504 457 sensum<
1547 419 1587 458 et
1617 417 1761 459 audito
1792 417 1921 458 verbo
1952 417 2064 458 bono

317 487 364 525 ut
393 484 560 538 sapiens
590 483 743 540 adiciat
772 484 826 523 ad
855 481 973 524 illud.
1014 481 1152 535 Igitur
1181 485 1228 523 ut
1247 487 1431 540 possum,
1462 496 1569 536 quae
1590 483 1822 534 iniunxisfii,
1855 481 2063 537 explicare

318 552 537 592 conbendo.
589 549 678 590 Iam
709 549 819 590 enim
851 562 899 589 ex
929 549 1138 607 omnibus,
1169 562 1276 602 quae
1307 548 1352 588 in
1381 548 1519 602 legem
1549 550 1705 602 scripta
1726 549 1907 603 repperi,
1938 548 2065 600 solae,

318 619 363 657 ui:
392 619 508 670 puto,
544 616 587 656 in
618 615 995 657 Deuteronomium
1027 616 1178 655 desunt
1208 613 1509 665 oratiunculae,
1545 629 1665 669 quas,
1701 615 1736 656 si
1764 615 1972 657 Dominus
2000 616 2063 656 iu—

273 692 293 725 5
317 682 424 723 verit
455 684 495 722 et
525 681 746 723 sanitatem
766 681 929 722 dederit
949 680 1094 731 oculis,
1126 679 1316 734 cupimus
1337 679 1500 734 reliquo
1523 680 1687 735 corpori
1709 681 1886 731 sociare3
1919 696 2064 737 quam-

318 748 379 789 vis
421 748 732 789 amantissimus
773 747 883 788 filius
918 749 1061 789 noster
1090 746 1311 797 Pinianus,
1353 746 1470 787 cuius
1510 746 1756 800 religiosum
1787 750 1952 789 coetum
1986 762 2063 802 pro

318 829 460 856 amore
502 814 729 868 pudicitiae
769 814 997 868 profugum
1042 813 1303 855 comitamur.
1346 812 1541 866 iniungat
1582 816 1623 854 et
1662 812 1755 855 alia.
1825 811 1908 854 Sed
1948 815 2064 855 orate

318 880 614 931 communiber,
656 883 702 921 ut
743 880 856 921 adsit
882 879 1089 921 Dominus
1127 882 1167 921 eb
1202 879 1465 933 temporibus
1494 892 1641 933 pacem
1670 879 1842 930 tribuat,
1885 879 2064 934 gratiam

316 946 607 988 laborantibus
655 948 783 988 donet
829 946 1097 1000 frucbumque
1145 945 1283 1000 operis
1335 944 1480 987 nostri
1508 945 1551 986 in
1592 944 1787 999 profectu
1834 944 2064 1000 legentium

250 1019 293 1054 10
316 1016 456 1067 ponat.

431 1116 580 1168 lf'vgl.
606 1123 714 1158 Prov.
740 1123 771 1166 1,
796 1124 817 1158 5

432 1226 453 1260 1
481 1226 519 1259 eb
542 1224 722 1270 producat
739 1235 884 1259 sensum
903 1231 946 1262 <
962 1225 999 1260 B
1067 1225 1090 1260 3
1116 1224 1200 1269 lege
1216 1222 1293 1272 BG,
1307 1222 1394 1265 Del„
1419 1222 1496 1268 vgl.
1515 1222 1547 1257 S.
1566 1223 1596 1266 1,
1612 1225 1646 1256 4.
1665 1224 1707 1257 17
1780 1223 1802 1258 4
1828 1223 1956 1268 utposse
1973 1221 2007 1256 Β
2057 1222 2063 1266 Ι

317 1292 597 1328 deuberonomio
627 1290 746 1336 ODaq,
771 1291 847 1336 vgl.
873 1291 905 1325 S.
931 1291 963 1335 1,
987 1292 1020 1326 4.
1047 1292 1088 1326 17
1111 1302 1149 1325 u.
1175 1290 1208 1325 S.
1235 1291 1267 1334 2,
1292 1292 1313 1325 3
