2373 3314
346 192 423 231 312
1127 181 1304 225 Origenes

342 301 503 340 adurat.
564 297 804 338 Salvabitur
834 299 974 336 tamen
1007 298 1047 335 et
1076 293 1267 343 Istrahel,
1311 296 1382 334 sed
1425 294 1549 348 longe
1580 295 1739 348 positus
1781 294 2011 335 salvabitur
2052 297 2091 334 et

341 366 419 405 iter
449 366 539 418 agit
571 379 654 404 non
686 377 760 403 sua
791 362 957 409 virtute,
987 362 1060 401 sed
1093 359 1359 401 adminiculis
1391 364 1430 401 et
1461 362 1727 414 providentia
1757 362 2034 402 sacerdotum.

454 435 489 472 4.
530 430 704 479 Quando
736 430 875 469 autem
909 428 1082 468 veniunt
1113 428 1163 467 ad
1195 427 1419 467 transitum
1449 426 1672 469 Iordanis?
1731 426 1888 469 Notavi
1920 427 2032 467 enim
2053 430 2091 466 et

343 499 419 539 hoc
451 512 534 538 non
566 498 655 537 sine
686 510 811 537 causa
842 508 929 536 esse
973 495 1200 547 signatum,
1239 497 1285 534 ut
1316 496 1356 534 et
1385 497 1550 547 tempus
1587 495 1925 549 distingueretur.
1987 493 2091 546 »De-

342 566 473 604 cima«
509 563 646 616 inquit
681 562 859 602 »mensis
889 560 1055 614 primi«.
1119 560 1204 603 Ista
1240 561 1332 614 ipsa
1370 563 1431 601 est
1460 562 1561 611 dies,
1592 562 1634 601 in
1656 574 1738 614 qua
1760 564 1800 601 et
1819 561 1918 614 agni
1941 562 2091 613 myste-

342 631 451 670 rium
482 628 820 683 praecipiebatur
849 627 894 667 in
926 628 1134 680 Aegypto.
1193 626 1384 667 >Decima
1415 627 1570 668 mensis
1601 627 1741 680 primi<
1769 627 1873 669 haec
1910 626 2093 667 celebra-

344 698 495 737 bantur
536 696 579 736 in
610 697 816 748 Aegypto,
859 694 1034 734 >decima
1071 694 1226 735 mensis
1269 693 1412 746 primi<
1458 696 1614 734 terram
1654 693 1990 747 repromissionis
2030 693 2092 732 in-

344 765 516 811 cedunt,
561 763 673 816 quod
715 761 819 802 mihi
861 760 984 801 valde
1030 760 1198 801 beatum
1254 760 1434 810 videtur,
1482 762 1529 801 ut
1571 762 1716 801 eadem
1758 761 1847 813 ipsa
1890 761 1966 808 die,
2010 773 2092 812 qua

344 843 506 871 errores
538 829 630 882 quis
661 827 965 880 subterfugerit
995 826 1164 877 saeculi,
1209 827 1335 867 etiam
1365 829 1521 867 terram
1551 827 1889 880 repromissionis
1925 826 2092 880 ingredi

277 902 319 936 10
344 898 569 945 mereatur,
600 895 644 935 id
677 896 738 935 est
767 895 811 934 in
841 893 918 934 hac
950 894 1028 941 die,
1059 907 1141 947 qua
1169 893 1213 933 in
1243 893 1323 934 hoc
1355 892 1522 934 saeculo
1554 893 1747 934 vivimus.
1807 892 1951 933 Omnis
1982 892 2093 932 enim

278 1242 319 1274 15

283 1956 324 1989 25

344 964 429 1003 vita
460 964 603 1003 nostra
633 975 832 1015 praesens
861 960 906 1000 in
935 974 1019 1000 uno
1052 960 1117 999 die
1142 960 1400 1012 designatur.
1443 959 1498 1000 Et
1525 960 1620 1000 ideo
1643 961 1866 1000 edocemur
1885 973 1961 1012 per
1979 959 2093 1000 istud

342 1028 598 1082 mysterium,
631 1042 682 1069 ne
713 1029 830 1068 actus
860 1028 1027 1068 nostros
1058 1029 1099 1067 et
1129 1040 1256 1079 opera
1286 1026 1470 1066 iustitiae
1501 1027 1544 1066 in
1578 1026 1806 1067 crastinum
1838 1024 2092 1075 differamus,

344 1097 415 1136 sed
448 1095 587 1145 hodie,
629 1095 672 1134 id
716 1096 776 1134 est
819 1095 951 1134 donec
993 1093 1191 1143 vivimus,
1233 1094 1365 1134 donec
1406 1093 1449 1132 in
1491 1093 1569 1134 hoc
1612 1094 1770 1134 mundo
1813 1094 2093 1143 demoramur,

344 1162 498 1212 omnia,
531 1175 637 1214 quae-
659 1163 711 1201 ad
733 1160 1034 1214 perfectionem
1056 1160 1281 1212 pertinent,
1313 1159 1558 1200 festinemus
1578 1158 1766 1212 implere,
1789 1160 1829 1199 et
1848 1158 1906 1199 ita
1928 1160 2094 1200 demum

346 1229 576 1283 poterimus
618 1228 812 1269 >decima<
841 1227 907 1266 die
937 1226 1106 1266 >mensis
1148 1226 1292 1279 primi<
1330 1229 1503 1266 >terram
1544 1225 1907 1279 repromissionis<,
1948 1225 1993 1266 id
2034 1229 2096 1266 est

345 1295 650 1336 beatitudinem
680 1293 954 1347 perfectionis
985 1293 1156 1334 intrare.
1217 1290 1298 1332 Sed
1330 1294 1370 1332 et
1400 1291 1481 1332 alia
1507 1291 1820 1346 quamplurima
1852 1291 1885 1332 si
1918 1291 2095 1345 diligen-

344 1366 408 1402 ter
439 1362 650 1412 observes,
687 1360 730 1400 in
760 1360 869 1400 hanc
901 1360 1009 1399 diem
1047 1357 1314 1411 recapitulari
1358 1359 1662 1412 scripturarum
1703 1357 1906 1399 relatione
1949 1359 2095 1412 depre-

345 1429 512 1470 hendes.
570 1427 632 1467 De
665 1427 816 1480 quibus
847 1425 1025 1478 singulis
1045 1426 1106 1465 uti
1127 1440 1178 1466 ne
1198 1439 1309 1466 nunc
1332 1439 1469 1467 sermo
1490 1425 1610 1467 nobis
1641 1425 1736 1479 plus
1757 1439 1882 1479 quam
1903 1424 2095 1466 volumus

347 1495 556 1544 dilatetur,
589 1494 667 1535 hoc
699 1493 965 1534 sentiendum
999 1494 1061 1532 est
1091 1493 1142 1533 de
1174 1506 1235 1543 eo,
1279 1494 1391 1546 quod
1423 1493 1588 1546 saepius
1629 1492 1717 1533 dies
1758 1493 1836 1532 iste
1878 1491 2096 1545 repetitur,

347 1562 461 1615 quia,
492 1561 591 1602 licet
622 1558 829 1614 generalis
860 1559 982 1600 nobis
1014 1558 1068 1599 sit
1096 1574 1181 1599 una
1209 1558 1427 1612 perfectio,
1463 1561 1605 1600 tamen
1634 1572 1976 1612 unamquamque
2005 1572 2096 1612 spe-

348 1629 453 1669 eiem
484 1628 700 1677 virtutum,
732 1641 858 1680 quam
889 1625 1163 1679 aggredimur
1193 1624 1414 1679 explicare,
1446 1626 1481 1666 si
1511 1640 1600 1666 eam
1638 1625 1897 1679 potuerimus
1931 1626 2096 1679 integre

347 1694 616 1748 perfecteque
648 1692 873 1746 complere,
905 1695 967 1733 est
996 1692 1127 1745 ipsius
1157 1692 1327 1733 virtutis
1358 1707 1433 1733 sua
1469 1706 1659 1746 quaeque
1695 1691 1912 1745 perfectio.
1967 1691 2097 1733 Verbi

349 1776 487 1812 causa,
519 1761 553 1802 si
582 1761 628 1812 is,
659 1761 729 1814 qui
760 1761 987 1800 iracundus
1018 1762 1093 1810 est,
1136 1760 1336 1800 virtutem
1367 1758 1703 1800 mansuetudinis
1735 1758 1877 1812 cupiat
1909 1758 2096 1812 adipisci.

350 1829 436 1869 sine
479 1828 608 1869 dubio
638 1827 774 1881 primo
819 1825 996 1868 offendit
1037 1828 1078 1866 in
1123 1825 1278 1876 multis,
1321 1827 1453 1867 donec
1494 1825 1623 1878 longa
1664 1825 1934 1867 meditatione
1975 1839 2098 1874 usum

462 1949 530 1991 4ff
567 1949 654 2003 vgl.
696 1948 862 2002 Procop
885 1963 920 1989 a.
956 1964 989 1988 a.
1022 1947 1259 1989 01009132
1302 1947 1548 2000 διαπερῶσι
1583 1947 1628 1989 δὲ
1663 1943 1745 1988 τὸν
1775 1940 2001 2000 Ἰορδάνην
2043 1948 2098 2000 τῇ

355 2012 514 2070 δεκάτῃ
548 2016 629 2057 τοῦ
660 2011 799 2069 μηνὸς
830 2015 910 2056 τοῦ
944 2011 1145 2067 πρώτου,
1178 2013 1226 2056 ἐν
1257 2012 1294 2067 <b
1324 2015 1396 2055 καὶ
1427 2008 1481 2056 τὸ
1513 2008 1679 2066 Πάσχα.

468 2169 531 2204 «Μ’.
557 2169 580 2203 6
606 2167 679 2201 JOS.
705 2167 737 2209 4,
756 2168 799 2201 19
823 2186 866 2190 -
894 2168 916 2201 ὃ
949 2165 1026 2210 vgl.
1051 2165 1166 2200 Exod.
1193 2166 1246 2208 12,
1271 2167 1292 2200 3
1317 2186 1361 2190 —
1387 2167 1437 2201 15
1463 2177 1495 2200 u.
1524 2166 1554 2200 S.
1581 2165 1672 2207 313,
1692 2166 1742 2199 14
1768 2165 1843 2209 vgl.
1869 2164 1979 2198 Hebr.
2005 2164 2059 2205 11,
2080 2164 2100 2198 9

354 2256 397 2261 ——
423 2237 471 2271 17
500 2236 565 2270 das
589 2234 695 2270 heisst
721 2234 787 2268 auf
808 2235 878 2268 den
906 2234 1064 2268 zehnten
1081 2233 1171 2277 Tag,
1199 2233 1287 2267 aber
1311 2233 1417 2268 nicht
1442 2233 1576 2277 gerade
1601 2234 1665 2267 des
1682 2234 1804 2267 ersten
1821 2231 2001 2274 Monates,
2025 2231 2100 2275 vgl.

357 2317 384 2338 z.
404 2304 442 2338 B.
471 2303 554 2338 Lev.
580 2304 634 2346 16,
660 2303 719 2343 29;
745 2303 799 2345 23,
824 2303 885 2343 ‘27;
910 2303 965 2343 25,
990 2303 1011 2336 9
1035 2313 1068 2335 u.
1087 2304 1117 2335 ὃ.

473 2428 492 2462 1
521 2427 711 2461 salvatur2
734 2425 788 2459 EI]
860 2426 882 2460 2
908 2417 997 2470 aget
1021 2424 1160 2463 ΔΑΜ.
1176 2424 1260 2465 Des„
1287 2424 1393 2458 nicht
1416 2423 1570 2469 richtig:
1597 2436 1667 2458 nur
1693 2425 1758 2458 das
1783 2423 1921 2458 salvari
1947 2423 2040 2468 liegt
2065 2422 2102 2456 in

360 2496 422 2530 der
450 2495 612 2529 Zukuntt
692 2495 713 2529 4
741 2495 779 2528 et
803 2500 846 2530 <
870 2493 904 2526 Ε
989 2494 1010 2527 5
1035 2491 1159 2536 inquit
1183 2496 1226 2531 -Ι-
1252 2491 1310 2526 die
1335 2491 1478 2534 BCDF,
1504 2491 1580 2536 vgl.
1606 2491 1639 2526 Z.
1664 2492 1695 2527 6.
1714 2493 1744 2533 7,
1770 2491 1858 2525 aber
1883 2491 1978 2526 auch
2002 2491 2035 2525 Z.
2062 2492 2104 2525 15

2111 764 2149 789 42
2166 764 2286 792 Lomm.

420 2565 457 2598 et
481 2570 524 2600 <
548 2564 581 2596 A
677 2564 700 2596 6
726 2561 926 2596 decima—
946 2562 962 2595 'a'
990 2560 1161 2604 Aegypto
1187 2566 1229 2596 <
1255 2559 1436 2602 ADEFP,
1448 2559 1631 2603 Ald.Del.,
1656 2559 1762 2593 nicht
1785 2558 1925 2603 richtig
1999 2560 2016 2594 'a'
2045 2559 2103 2594 de·
2149 2577 2154 2579 <

361 2632 456 2666 eima
481 2635 522 2670 -i-
549 2630 608 2665 die
633 2629 806 2671 DRAM.
822 2628 894 2663 Del.
914 2633 955 2668 -ὶ-
973 2627 1097 2671 inquit
1125 2627 1154 2663 C
1196 2628 1200 2671 Ι
1244 2627 1498 2672 promissionis
1518 2627 1552 2660 P
1615 2628 1638 2661 9
1665 2626 1891 2671 subterfugit
1908 2627 1942 2660 D
1965 2626 2105 2661 subter-

361 2698 475 2744 fugiis
500 2698 536 2731 P
601 2697 651 2732 10
676 2708 883 2731 mereamur
908 2696 943 2729 P
986 2698 990 2736 Ι
1033 2708 1079 2726 Ν
1104 2695 1250 2729 saeculo
1276 2695 1346 2729 hoc
1372 2695 1406 2727 P
1472 2695 1521 2730 11
1548 2695 1586 2729 in
1613 2701 1654 2732 <
1680 2696 1711 2727 il.
1757 2695 1762 2737 Ι
1806 2695 1979 2729 docemur
2002 2693 2107 2728 ΑΒΕ

365 2768 414 2801 12
441 2765 602 2801 crastino
630 2764 666 2798 E
734 2764 783 2798 13
809 2763 860 2807 id]
885 2763 955 2798 hoc
982 2763 1016 2796 E
1086 2764 1135 2798 15
1162 2762 1221 2797 dic
1246 2768 1289 2799 <
1314 2763 1359 2804 Al,
1384 2761 1568 2806 richtig‘?‚
1593 2762 1670 2806 vgl.
1696 2762 1730 2796 Z.
1755 2761 1805 2796 4f.
1832 2762 1853 2796 G
1937 2762 1984 2797 1?
2010 2762 2106 2805 hanc

364 2834 423 2868 die
448 2834 484 2868 Ε
505 2834 575 2867 hac
601 2832 659 2867 die
684 2831 823 2865 Ambu-
916 2831 996 2869 151'
1017 2830 1258 2875 deprehendis
1285 2829 1318 2863 E
1412 2829 1463 2864 20
1488 2829 1576 2864 licet
1602 2836 1643 2869 -†-
1668 2830 1706 2863 et
1730 2831 1762 2862 A
1808 2830 1813 2873 Ι
1856 2842 1903 2861 ω
1927 2829 1976 2863 sit
1999 2828 2106 2864 nobis

364 2902 434 2935 AD
477 2902 482 2946 Ι
525 2912 611 2935 man
635 2899 793 2934 beachte
818 2898 877 2932 die
902 2898 1018 2933 durch
1043 2910 1124 2932 eam
1149 2897 1198 2940 (Z.
1216 2898 1272 2941 ⁶21)
1299 2896 1512 2941 gemassigte
1537 2896 1725 2931 Attractio
1751 2896 1900 2931 inversa
1970 2897 2019 2932 21
2046 2907 2106 2941 po-

365 2970 518 3004 terimus
543 2968 576 3002 B
668 2968 720 3002 24
745 2967 910 3010 offendet
937 2966 1020 2999 ΛΡΙ)
