2373 3522
266 1038 308 1071 10

265 1370 306 1403 15

264 1700 307 1734 20

343 327 363 364 1
370 325 390 361 7
398 326 420 364 2
1120 319 1297 364 Origenes

338 433 506 483 malum,
538 431 774 485 relegamus
807 445 866 482 ea,
898 446 1004 485 quae
1035 431 1078 471 in
1110 430 1288 472 Daniele
1319 431 1476 484 scripta
1502 432 1602 488 sunt
1632 431 1682 471 de
1713 429 1806 483 ipso
1834 427 2011 469 Danielo
2043 427 2089 469 et

336 500 469 539 tribus
513 498 658 538 amicis
701 498 802 549 eius,
845 512 948 551 quos
978 496 1372 539 Nabuchodonosor
1411 511 1483 537 rex
1514 497 1648 537 tribus
1680 496 1798 537 annis
1830 495 2082 536 erudiendos

336 566 523 615 tradidit,
555 564 700 605 volens
731 578 801 605 eos
831 564 875 604 in
907 579 992 615 sua,
1023 564 1067 604 id
1099 567 1160 605 est
1188 563 1325 617 patria
1347 562 1689 616 Babyloniorum,
1719 561 1924 615 sapientia
1953 561 2083 602 scien-

334 632 519 673 tissimos
549 631 653 672 fieri.
695 629 760 671 Ibi
792 643 891 685 ergo
924 632 1128 684 scriptum
1161 633 1221 671 est
1242 630 1357 684 quia:
1394 630 1534 671 »dedit
1554 630 1606 669 iis
1627 629 1832 670 Dominus
1863 628 2083 670 scientiam

335 702 374 739 et
404 697 665 739 intellectum
698 700 737 738 et
767 698 1036 751 prudentiam
1066 698 1111 737 in
1143 697 1257 738 omni
1289 699 1378 737 arte
1410 696 1702 750 grammatica3
1736 697 1775 736 et
1806 694 1983 735 Danielo
2015 695 2083 735 de-

334 765 396 804 dit
436 763 697 805 intellectum
738 764 783 804 in
826 755 941 804 omni
983 764 1111 805 verbo
1155 766 1194 804 et
1235 763 1395 804 visione
1439 765 1479 803 et
1516 763 1710 811 somniis3
1754 764 1794 802 et
1825 763 1942 802 erant
1974 762 2081 814 apud

333 844 488 885 regem,
532 834 574 874 et,
612 831 656 872 in
699 831 812 872 omni
843 831 970 871 verbo
1002 833 1041 872 et
1071 830 1297 884 prudentia
1328 832 1368 870 et
1398 828 1635 883 disciplina,
1676 829 1721 868 in
1751 828 2083 882 quibuscumque

333 898 540 951 quaesivit
571 898 622 938 ab
653 898 705 938 iis
736 912 819 949 reX,
850 898 1013 938 invenit
1044 912 1113 938 eos
1146 895 1321 949 decuplo
1354 895 1534 950 amplius
1566 910 1692 949 quam
1723 896 1842 935 erant
1871 893 2083 946 sophistae

334 967 374 1005 et
404 964 657 1018 philosophi,
689 964 760 1018 qui
793 966 910 1004 erant
941 964 985 1004 in
1016 964 1129 1005 omni
1161 975 1292 1017 regno
1324 963 1451 1004 eius«.
1492 962 1545 1003 Et
1567 963 1668 1002 haec
1690 961 1860 1015 quidem
1881 960 1926 1000 in
1947 974 2083 1001 exem-

332 1031 519 1084 plaribus
550 1030 817 1084 septuaginta
847 1030 1127 1084 interpretum
1157 1030 1382 1079 habentur3
1425 1030 1470 1070 in
1500 1029 1790 1070 Hebraeorum
1826 1041 1926 1068 vero
1969 1026 2083 1068 codi-

333 1098 450 1138 cibus
482 1097 642 1151 aliquid
674 1097 801 1138 etiam
832 1097 1119 1138 vehementius
1150 1096 1329 1150 repperi,
1373 1096 1522 1150 quibus
1566 1095 1756 1149 quamvis
1786 1108 1873 1134 non
1901 1095 2081 1144 utamur,

332 1167 475 1205 tamen
496 1164 751 1218 agnoscendi
774 1166 911 1219 gratia
932 1164 1133 1215 dicemus,
1166 1164 1290 1204 etiam
1312 1163 1372 1203 ibi
1393 1177 1498 1217 quae
1519 1162 1719 1216 legimus:
1755 1160 1918 1201 »dedit«
1943 1159 2083 1214 inquit

337 1231 420 1271 »eis
452 1230 564 1271 Deus
594 1229 854 1271 intellectum
886 1232 927 1271 et
956 1230 1227 1284 prudentiam
1256 1230 1301 1270 in
1332 1229 1447 1270 omni
1479 1229 1756 1284 grammatica
1784 1226 2009 1280 sapientia;
2042 1228 2083 1266 et

332 1296 485 1337 Daniel
514 1296 724 1338 intellexit
752 1297 797 1337 in
829 1298 943 1338 omni
975 1297 1138 1338 visione
1170 1299 1210 1337 et
1239 1296 1455 1346 somniis«,
1497 1298 1537 1336 et
1578 1297 1673 1349 post
1709 1308 1861 1347 pauca:
1909 1295 1972 1334 »et
2002 1294 2080 1333 ste-

332 1367 496 1405 terunt«
531 1364 670 1418 inquit
705 1364 772 1404 »in
803 1365 1030 1417 conspectu
1060 1364 1183 1417 regis,
1217 1365 1255 1403 et
1285 1363 1329 1403 in
1362 1362 1475 1403 omni
1496 1362 1623 1403 verbo
1646 1360 1873 1414 sapientiae
1897 1361 1936 1400 et
1958 1358 2082 1399 disci-

331 1429 485 1483 plinae,
528 1431 573 1471 in
615 1444 697 1483 quo
741 1430 948 1484 quaesivit
979 1429 1030 1470 ab
1060 1429 1113 1469 iis
1143 1443 1229 1480 rex,
1270 1429 1433 1469 invenit
1475 1443 1544 1470 eos
1576 1427 1752 1481 decuplo
1783 1440 1909 1480 super
1939 1439 2083 1466 omnes

331 1498 614 1537 incantatores
660 1499 699 1537 et
741 1508 899 1550 magos,
944 1496 1015 1550 qui
1059 1498 1178 1537 erant
1218 1496 1263 1536 in
1294 1495 1409 1536 omni
1440 1506 1571 1548 regno
1603 1495 1731 1535 eius«.
1790 1492 1854 1534 Ex
1883 1491 1950 1533 his
1981 1503 2082 1546 ergo

332 1564 527 1605 omnibus
570 1565 706 1617 potest
747 1562 946 1617 intelligi,
989 1564 1200 1616 quomodo
1244 1565 1283 1603 et
1312 1561 1485 1603 Balaam
1530 1561 1680 1602 dixerit
1723 1562 1771 1601 de
1810 1561 1940 1601 semet
1969 1558 2080 1612 ipso:

337 1630 431 1684 »qui
473 1630 550 1670 seit
592 1629 811 1670 scientiam
854 1628 1047 1680 excelsi«,
1091 1628 1252 1670 scilicet
1288 1631 1333 1670 ut
1363 1627 1630 1682 intelligatur
1659 1628 1772 1681 quod
1803 1626 1923 1680 origo
1953 1624 2083 1666 totius

332 1697 531 1737 scientiae
574 1696 624 1736 ab
666 1697 758 1750 ipso
802 1696 1012 1750 acceperit
1055 1695 1284 1746 exordium,
1327 1695 1427 1736 vitio
1472 1697 1611 1735 autem
1642 1694 1850 1734 humanae
1880 1691 2081 1742 malitiae,

334 1764 644 1816 adspirantibus
688 1765 727 1804 et
771 1762 1101 1815 subripientibus
1134 1762 1260 1803 etiam
1292 1761 1583 1812 daemonibus,
1625 1761 1670 1801 in
1700 1759 1930 1814 perniciem
1962 1772 2082 1800 versa

333 1831 428 1883 sint,
460 1844 564 1884 quae
595 1844 670 1883 pro
701 1829 881 1870 utilitate
914 1843 1112 1871 concessa
1143 1831 1253 1870 sunt.
1293 1827 1410 1869 Haec
1441 1830 1492 1868 de
1525 1843 1586 1879 eo,
1619 1829 1733 1881 quod
1762 1826 1886 1867 dixit:
1922 1825 2081 1867 »sciens

333 1897 553 1937 scientiam
586 1895 780 1946 excelsi«,
813 1911 836 1935 a
865 1896 987 1937 nobis
1018 1910 1094 1949 pro
1124 1895 1285 1936 viribus
1317 1895 1505 1936 discussa
1535 1894 1631 1935 sint.

443 1967 479 2005 4.
521 1962 622 2004 Post
663 1963 767 2004 haec
810 1962 884 2003 ait:
933 1962 1163 2004 »visionem
1193 1961 1272 2002 Dei
1301 1956 1451 2002 videns
1481 1961 1524 2002 in
1554 1961 1724 2011 somnis,
1767 1958 1940 2001 revelati
1971 1957 2081 2001 oculi

289 2037 303 2055 ‡
333 2031 462 2072 eius«.
520 2030 582 2070 De
614 2029 677 2070 his
709 2028 968 2070 sufficienter
996 2029 1040 2069 in
1070 2028 1196 2069 tertia
1225 2028 1388 2069 visione.
1421 2028 1646 2068 dissertum
1677 2029 1738 2067 est
1770 2029 1809 2068 et
1841 2028 1985 2067 eadem
2015 2038 2079 2066 re-

331 2099 472 2150 petere
504 2097 683 2138 otiosum
715 2099 788 2138 est.
831 2095 1055 2137 Videamus
1088 2107 1187 2149 ergo
1219 2095 1320 2149 quid
1352 2097 1427 2146 est,
1459 2096 1570 2147 quod
1601 2094 1645 2134 in
1671 2093 1941 2148 sequentibus
1963 2091 2082 2152 dicit:

337 2165 579 2204 »ostendam
611 2163 660 2213 ei,
704 2165 743 2203 et
774 2178 858 2204 non
889 2164 1034 2211 niod03
1078 2161 1283 2213 beatifico,
1316 2164 1356 2202 et
1386 2175 1470 2202 non
1501 2161 1853 2214 appropinquat«.
1911 2158 1960 2200 ln
1990 2158 2083 2200 aliis

446 2340 470 2374 4
496 2339 572 2384 vgl.
598 2339 689 2374 Dan.
717 2341 746 2382 1,
774 2341 826 2373 17.
854 2340 907 2374 19.
932 2339 976 2374 20
1002 2358 1043 2362 —
1072 2339 1122 2374 12
1148 2337 1241 2372 Dan.
1267 2338 1297 2377 1,
1324 2337 1364 2371 17
1394 2357 1434 2361 -
1462 2336 1511 2371 14
1538 2336 1630 2370 Dan.
1656 2337 1685 2379 1,
1712 2336 1846 2371 19—‘20
1870 2347 1905 2369 u.
1932 2334 2080 2380 Origen.

2106 511 2162 536 224
2178 510 2297 539 Lomm.

2103 2039 2158 2066 225
2177 2040 2298 2068 Lomm.

334 2407 484 2452 Hexapl.
511 2419 538 2440 z.
559 2406 621 2440 St.:
662 2408 699 2441 Θ.
727 2407 829 2452 παρὰ
854 2407 997 2448 πάντας
1021 2406 1109 2447 τοὺς
1134 2403 1332 2446 ἐπαοιδοὺς
1356 2405 1421 2439 καὶ
1445 2404 1531 2445 τοὺς
1556 2403 1702 2449 μάγους
1727 2405 1783 2448 (--
1800 2403 1943 2447 Vulg.);
1980 2402 2080 2437 Hier.
2139 2402 2141 2404 ’

337 2475 471 2509 Comm.
498 2475 536 2509 in
562 2473 654 2508 Dan.
679 2474 780 2509 XXV
800 2475 866 2509 520
883 2475 924 2509 B.
950 2474 1008 2508 M:
1034 2485 1098 2519 pro
1123 2473 1279 2508 hariolis
1305 2473 1342 2507 et
1366 2472 1487 2518 magis
1514 2472 1670 2517 vulgata
1695 2470 1808 2506 editio
1835 2469 2020 2515 sophistas
2045 2471 2082 2505 et

335 2542 571 2587 philosophos
597 2541 795 2576 transtulit
819 2561 863 2566 —
890 2543 954 2577 19.
983 2543 1049 2578 2⁵2.
1077 2543 1127 2577 24
1153 2542 1260 2576 Num.
1286 2542 1340 2581 24,
1366 2541 1408 2575 16
1433 2561 1476 2564 -
1503 2541 1551 2575 ⁴27
1580 2540 1686 2574 Num.
1712 2539 1765 2582 24,
1784 2540 1837 2582 17,
1863 2538 1939 2583 vgl.
1958 2538 2081 2583 vulg:

334 2609 468 2645 videbo
508 2621 588 2644 eum
627 2610 689 2643 sed
725 2621 798 2644 non
835 2610 961 2650 modo;
999 2610 1102 2644 sonst
1139 2606 1233 2644 ἀλλὰ
1265 2609 1359 2643 statt
1384 2609 1447 2643 καὶ
1473 2620 1542 2642 nur
1566 2607 1618 2641 im
1643 2606 1843 2652 folgenden
1870 2606 1994 2641 Glied:
2019 2600 2080 2642 Ἀ.;

336 2673 483 2722 ὄψομαι
509 2676 632 2716 αὐτόν,
658 2678 722 2712 καὶ
748 2675 792 2712 οὐ
818 2682 897 2711 ιη’-ν’
925 2681 1131 2723 προσκοπῶ
1160 2675 1285 2719 αὐτόν,
1312 2671 1393 2711 ἀλλ’
1423 2675 1491 2710 οὐκ
1517 2673 1636 2721 ἐγγύς.

450 2834 469 2867 1
498 2832 710 2867 Danielo¹.2
735 2832 953 2876 Affb(‘?)‚ca·
979 2832 1133 2866 Daniele
1157 2831 1323 2874 ffllfsfflld.
1339 2831 1424 2873 Del„
1450 2831 1535 2865 lies:
1561 2828 1720 2864 Daniel?
1815 2830 1866 2865 31*
1899 2829 2082 2875 sapientia

336 2899 627 2945 sapientissimos
650 2900 679 2935 Ο
749 2901 769 2935 5
797 2900 953 2935 Danielo
970 2900 1113 2934 Alf'bcw
1138 2899 1286 2934 Danieli
1305 2900 1378 2943 adq,
1392 2899 1474 2932 Ald.
1489 2898 1575 2941 Del„
1600 2898 1624 2932 l.
1643 2897 1804 2932 Daniel‘?
1881 2899 1897 2933 7
1918 2898 1971 2932 et¹
1990 2904 2033 2935 <
2050 2896 2084 2930 B

337 2968 417 3003 12f
437 2981 484 2999 cx)
508 2967 560 3002 eis
585 2967 709 3012 inquit
733 2968 752 3001 b
807 2970 812 3011 Ι
866 2981 912 2999 ω
937 2968 989 3002 eis
1015 2968 1111 3002 Deus
1137 2967 1260 3012 inquit
1281 2979 1304 3009 ‚q
1414 2967 1463 3001 13
1491 2979 1537 2997 Ν
1562 2967 1650 3000 deus
1675 2965 1721 2999 iis
1748 2966 1781 2999 D
1835 2966 1840 3009 Ι
1895 2965 1947 3001 eis
1972 2971 2015 3002 <
2045 2964 2082 3007 O,

336 3036 417 3069 Alzl.
434 3036 507 3070 Del.
603 3037 650 3071 17
681 3035 808 3081 regno]
834 3035 984 3080 regione
1009 3036 1043 3069 D
1136 3036 1186 3070 21
1214 3035 1252 3070 et
1276 3033 1567 3079 subripientibus
1592 3040 1635 3070 <
1652 3034 1684 3067 A
1783 3034 1831 3068 26
1860 3042 2081 3077 consequen-

335 3102 436 3137 tibus
461 3103 526 3146 Bv,
541 3103 620 3137 Alci.
635 3103 708 3137 Del.
812 3104 859 3138 27
887 3115 922 3137 u.
950 3103 982 3137 S.
1003 3103 1092 3144 173,
1109 3102 1130 3137 8
1157 3098 1378 3137 beatificabo
1405 3100 1448 3143 B,
1462 3100 1544 3135 Alci.
1563 3100 1645 3146 (nur
1670 3100 1704 3136 Z.
1723 3101 1778 3145 27)
1797 3101 1873 3136 Del.
