2341 3382
747 240 786 275 in
810 239 989 275 Numeros
1013 239 1176 274 nomina
1200 220 1335 284 xxlv,
1354 242 1442 276 2-3
1895 243 1973 282 231

238 353 372 402 verit‹‚
402 356 489 394 tam
520 367 625 394 uxor
654 352 707 392 sit
735 351 869 392 libera
899 365 1024 405 quam
1056 351 1247 401 maritus;
1277 353 1329 393 >si
1360 366 1458 394 vero
1478 352 1682 403 tacuerit<,
1713 354 1900 404 uterque,
1929 353 1976 390 ut

239 421 433 471 diximus,
474 432 569 460 reus
605 418 822 459 habeatur.
881 417 995 458 Haec
1038 421 1136 459 sunt
1177 419 1360 472 quidem,
1402 433 1508 472 quae
1550 418 1705 472 scripta
1746 419 1860 466 sunt3
1903 418 1974 458 sed

239 488 422 527 orandus
452 488 515 527 est
544 484 667 526 nobis
695 483 822 535 Deus,
851 486 898 524 ut
927 483 1187 525 intellectum
1219 486 1317 525 dare
1356 485 1554 538 dignetur
1590 499 1631 526 se
1669 484 1856 537 dignum,
1893 497 1976 536 quo

239 554 355 604 haec,
385 554 432 592 ut
461 553 581 592 decet
612 552 662 592 de
693 550 772 591 Dei
803 550 941 591 verbis
971 549 1165 604 intelligi,
1196 551 1404 604 possimus
1435 553 1663 592 advertere.
1721 550 1875 592 Omnes
1905 550 1976 604 qui

193 626 214 659 5
239 619 314 661 sub
344 618 436 672 lege
466 617 546 659 Dei
577 617 755 658 vivimus
786 619 827 658 et
856 617 900 657 in
931 616 1106 658 ecclesia
1139 618 1226 658 eius
1257 616 1474 668 habemur,
1506 617 1634 670 aliqui
1665 618 1740 658 sub
1778 617 1978 671 patribus,

239 685 369 739 aliqui
411 684 486 725 sub
517 684 620 724 viris
656 684 831 736 agimus.
890 682 945 724 Et
986 685 1020 724 si
1063 684 1232 737 quidem
1274 682 1450 736 parvula
1493 686 1554 724 est
1596 684 1735 724 anima
1777 686 1817 724 et
1857 683 1978 724 initia

239 751 364 792 habet
392 751 437 791 in
468 750 776 792 eruditionibus
807 750 971 801 divinis,
1004 750 1105 791 haec
1136 750 1212 790 sub
1243 752 1360 803 patre
1397 763 1521 804 agere
1557 751 1766 791 credenda
1801 752 1874 791 est.
1933 749 1975 790 Si

237 831 336 860 vero
365 818 450 858 iam
480 816 666 859 adultior
696 816 808 857 facta
850 819 923 868 est,
965 818 1024 858 ita
1064 819 1110 857 ut
1151 816 1232 856 viri
1273 819 1422 870 potens
1464 817 1517 857 sit
1558 818 1610 857 ad
1653 816 1974 869 concipiendum

236 898 378 926 semen
407 883 525 924 verbi
555 883 633 924 Dei
664 886 704 924 et
734 883 949 924 doctrinae
981 882 1180 936 spiritalis
1222 896 1370 936 capere
1415 885 1582 931 secreta,
1625 883 1728 923 haec
1768 882 1845 923 sub
1886 882 1977 923 viro

169 959 213 994 10
236 950 372 1006 posita
403 950 568 991 dieitur.
627 948 698 990 Sic
729 949 839 990 enim
870 952 911 991 et
940 949 1097 990 Paulus
1128 950 1295 991 dicebat
1325 951 1376 990 de
1408 948 1654 991 Corinthiis:
1691 948 1809 990 »volo
1837 951 1977 989 autem

237 1032 382 1059 omnes
411 1031 486 1057 vos
516 1016 589 1057 uni
619 1016 710 1057 viro
741 1017 948 1070 virginem
979 1019 1136 1057 castam
1168 1016 1363 1057 exhibere
1396 1015 1600 1057 Christo«.
1658 1015 1737 1064 Qui
1766 1029 1866 1056 vero
1888 1029 1978 1068 per-

162 1122 170 1126 -
237 1084 433 1126 fectiores
464 1086 562 1125 sunt
593 1085 633 1123 et
663 1083 959 1123 eminentiores
1002 1082 1165 1132 horum,
1208 1084 1258 1123 de
1299 1082 1382 1123 illis
1425 1098 1510 1124 non
1552 1082 1706 1123 dicitur
1747 1083 1860 1136 quod
1901 1081 1978 1122 sub

236 1151 327 1192 viro
357 1151 453 1201 sint,
484 1152 559 1191 sed
589 1150 701 1200 audi,
733 1151 945 1203 quomodo
977 1151 1028 1190 de
1059 1152 1190 1190 semet
1219 1149 1310 1203 ipso
1341 1150 1488 1203 suique
1510 1149 1717 1190 similibus
1737 1149 1979 1202 pronuntiet

237 1217 412 1259 Paulus:
458 1218 616 1258 »donec
658 1229 951 1258 occurramus«
995 1216 1133 1270 inquit
1174 1230 1342 1258 »omnes
1385 1216 1429 1256 in
1472 1216 1607 1257 virum
1649 1215 1894 1269 perfectum,
1936 1215 1979 1255 in

170 1295 212 1330 15
237 1297 475 1325 mensuram
508 1283 658 1324 aetatis
688 1282 965 1336 plenitudinis
995 1281 1192 1324 Christi«.
1258 1281 1369 1323 Huic
1408 1275 1509 1336 ergo
1552 1282 1730 1332 animae,
1774 1296 1879 1335 quae
1920 1282 1979 1322 >in

237 1351 374 1393 virum
411 1350 646 1404 perfeetum
678 1349 885 1400 occurrit<,
917 1364 1040 1390 nemo
1072 1349 1308 1390 dominatur
1337 1349 1379 1389 in
1421 1349 1542 1399 votis,
1585 1350 1657 1390 sed
1698 1348 1824 1389 habet
1865 1351 1979 1401 pote·

237 1420 387 1460 statem
438 1431 607 1458 suorum
660 1415 982 1469 libertatemque
1038 1418 1246 1457 votorum.
1329 1415 1372 1457 Si
1427 1418 1566 1456 autem
1619 1414 1790 1456 feminei
1844 1415 1980 1456 adhuc

237 1485 403 1539 generis
433 1484 561 1525 fuerit
591 1483 745 1533 anima,
777 1482 844 1523 cui
885 1482 951 1523 vel
994 1483 1058 1523 vir
1098 1482 1166 1523 vel
1208 1485 1327 1535 pater
1369 1482 1608 1524 dominetur
1648 1482 1691 1522 in
1732 1482 1854 1533 votis,
1896 1497 1980 1523 non

237 1565 406 1605 semper
434 1551 479 1591 in
509 1550 599 1604 ipsa
631 1552 692 1590 est
722 1548 858 1603 culpa,
902 1551 974 1590 sed
1015 1549 1228 1590 interdum
1269 1549 1378 1590 redit
1420 1551 1473 1590 ad
1512 1549 1625 1590 viros
1668 1548 1734 1589 vel
1774 1551 1980 1602 parentes.

169 1624 214 1660 20
238 1619 301 1660 De
333 1618 483 1671 quibus
515 1617 709 1669 quamvis
740 1615 951 1669 applicare
984 1615 1158 1656 difficile
1189 1616 1254 1667 sit,
1284 1618 1427 1656 tamen
1448 1629 1553 1668 quae
1576 1615 1755 1657 Domino
1776 1615 1981 1669 largiente

239 1698 458 1727 occurrere
508 1683 739 1736 potuerint,
787 1682 1028 1724 inferemus.
1100 1681 1234 1736 Saepe
1276 1682 1458 1723 diximus
1498 1682 1749 1733 animarum,
1791 1696 1897 1736 quae
1937 1682 1980 1722 in

239 1750 415 1792 ecclesia
443 1750 522 1791 Dei
552 1752 662 1800 sunt,
692 1763 837 1790 curam
867 1749 1296 1803 procurationemque
1327 1749 1472 1789 haberi
1514 1763 1589 1802 per
1629 1749 1815 1802 angelos,
1858 1763 1980 1803 quos-

239 1832 317 1872 que
350 1817 476 1858 etiam
507 1818 560 1857 ad
590 1816 791 1857 iudicium
821 1815 964 1857 venire
1006 1816 1264 1857 ostendimus
1307 1829 1400 1856 cum
1442 1815 1696 1866 hominibus,
1737 1818 1784 1856 ut
1822 1816 1866 1855 in
1906 1814 1979 1856 illo

239 1884 382 1926 divino
426 1885 590 1924 constet
632 1883 842 1933 examine,
884 1885 1026 1923 utrum
1077 1883 1140 1923 sui
1189 1882 1349 1923 desidia
1390 1882 1655 1935 peccaverint
1695 1882 1885 1924 homines
1927 1897 1980 1922 an

170 1955 213 1990 25
239 1951 497 1993 monitorum
530 1951 836 2003 custodumque
866 1948 1140 2003 negligentia.
1199 1948 1377 1990 Videtur
1408 1962 1508 2003 ergo
1538 1949 1641 1989 mihi
1672 1949 1797 1990 etiam
1827 1949 1870 1989 in
1901 1949 1980 1990 hoc

238 2016 331 2059 loco
363 2018 508 2058 eadem
545 2016 621 2057 sub
661 2016 861 2069 mysterio
899 2016 1115 2070 designari
1153 2018 1193 2056 et
1233 2015 1397 2057 ostendi
1433 2017 1547 2069 quod
1586 2015 1694 2057 aliae
1731 2015 1899 2069 quidem
1935 2018 1981 2056 ut

239 2083 351 2125 filiae
383 2083 460 2124 sub
491 2083 542 2123 iis
566 2083 729 2123 animae
753 2084 925 2137 degunt,
956 2082 1062 2123 aliae
1086 2085 1132 2123 ut
1153 2096 1303 2124 uxores
1325 2084 1554 2123 seeundum
1576 2096 1635 2135 ea,
1666 2096 1770 2136 quae
1791 2081 1980 2135 superius

241 2150 520 2192 distinximus.
582 2148 623 2190 Si
655 2164 738 2203 qua
769 2161 870 2203 ergo
901 2150 1051 2190 harum
1083 2148 1234 2191 offerre
1265 2148 1424 2203 aliquid
1455 2151 1495 2189 et
1524 2163 1677 2190 vovere
1707 2149 1849 2202 cupiat
1878 2148 1979 2200 Deo,

241 2217 274 2259 si
305 2217 475 2272 quidem
520 2230 850 2270 praeproperum
883 2219 944 2257 est
987 2218 1026 2257 et
1067 2216 1205 2257 minus
1246 2217 1403 2269 aptum,
1447 2217 1559 2268 quod
1600 2218 1737 2266 vovet,
1768 2215 1878 2256 illius
1909 2218 1982 2267 est,

174 2288 217 2324 30
239 2286 386 2338 utpote
416 2283 603 2324 custodis
646 2285 686 2324 et
718 2283 952 2334 monitoris,
995 2281 1134 2336 angeli
1176 2282 1404 2336 reprimere
1447 2284 1487 2322 et
1527 2283 1749 2323 retundere
1790 2282 1981 2324 voventis

240 2350 470 2391 audaciam.
520 2348 563 2391 Si
585 2363 685 2390 vero
706 2349 879 2391 audiens
900 2363 986 2390 non
1007 2349 1264 2403 represserit,
1295 2363 1380 2389 non
1400 2348 1622 2399 monuerit,
1653 2348 1790 2389 anima
1812 2349 1982 2402 quidem

357 2529 408 2564 10
432 2528 466 2562 II
481 2528 569 2563 Kor.
596 2530 648 2571 11,
673 2529 694 2563 2
719 2548 762 2553 —
789 2528 838 2563 14
863 2527 994 2574 Ephes.
1020 2527 1052 2570 4,
1078 2528 1121 2562 13
1144 2547 1188 2552 —
1215 2528 1264 2562 21
1291 2527 1367 2572 vgl.
1392 2539 1436 2562 zu
1459 2527 1557 2562 hom.
1584 2528 1636 2569 11,
1652 2529 1691 2568 43
1715 2527 1753 2561 in
1779 2527 1869 2562 Luk.
1885 2527 1982 2563 hom.

246 2596 300 2639 13,
323 2596 367 2631 35
405 2607 437 2630 u.
463 2608 504 2630 -z.
531 2596 572 2630 B.
598 2596 637 2630 in
669 2595 786 2631 Levit.
810 2596 908 2630 hom.
933 2597 969 2636 9,
995 2595 1016 2630 4
1053 2595 1133 2640 (Βά.
1158 2595 1174 2629 Ι
1201 2596 1233 2630 S.
1257 2596 1335 2639 423,
1360 2595 1458 2638 14ff)
1497 2614 1542 2619 —
1582 2595 1632 2630 24
1669 2594 1746 2640 vgl.
1770 2595 1867 2630 hom.
1892 2596 1945 2638 11,
1962 2599 1983 2631 4

245 2663 293 2705 (S.
311 2663 387 2706 110,
405 2663 479 2707 24);
516 2663 571 2704 20,
595 2665 616 2699 3
642 2663 689 2708 (S.
708 2664 784 2706 256,
803 2665 876 2707 19):
913 2662 1066 2698 venient
1091 2663 1188 2698 enim
1214 2662 1339 2708 angeli
1364 2664 1411 2698 ad
1434 2663 1611 2698 iudicium
1636 2663 1827 2699 nobiscum
1852 2691 1860 2698 .
1878 2689 1886 2697 .
1905 2693 1912 2700 .
1936 2674 1982 2698 ne

244 2730 340 2765 torte
364 2730 507 2775 aliquid
531 2731 642 2766 etiam
668 2743 711 2766 ex
735 2731 823 2776 ipsis
849 2741 980 2765 causae
1003 2730 1118 2765 fuerit
1142 2731 1240 2775 quod
1264 2742 1331 2766 nos
1356 2730 1578 2776 deliquimus

360 2888 383 2922 2
409 2887 643 2933 habe*(a)tur
667 2900 691 2922 a
715 2889 922 2924 habeantur
951 2888 980 2923 C
1072 2889 1122 2924 10
1147 2889 1293 2923 dicatur
1321 2887 1351 2922 O
1444 2890 1492 2925 11
1520 2900 1645 2925 omnes
1670 2896 1713 2928 <
1738 2890 1771 2923 D
1849 2891 1897 2924 19
1924 2890 1983 2924 vel

247 2961 289 2995 -1-
314 2955 361 2990 ad
385 2955 419 2990 D
509 2956 561 2992 20
585 2956 647 3002 sit]
672 2957 728 2992 est
752 2956 785 2991 B
877 2957 926 2992 21
953 2956 1155 2992 inseremus
1179 2956 1251 2990 Bm
1346 2957 1396 2991 29
1422 2955 1526 2992 vovit
1554 2955 1591 2999 G,
1605 2956 1679 2991 Del.
1729 2980 1732 2981 ν
1784 2958 1835 2993 30
1859 2970 1906 2989 ω
1930 2968 1982 2992 re-

247 3023 402 3058 tundere
427 3024 465 3058 et
488 3023 684 3068 reprimere
713 3022 750 3066 O,
764 3025 838 3059 Del.
863 3025 1079 3068 (retrudere)
1173 3025 1224 3059 31
1251 3035 1324 3058 non
1352 3024 1537 3059 monuerit
1560 3031 1603 3062 <
1628 3024 1662 3058 D

2002 1624 2056 1651 365
2078 1625 2146 1653 Del.

2001 1826 2056 1852 302
2072 1826 2192 1854 Lomm.
