2373 3522
250 1025 293 1059 10

251 1361 293 1394 15

251 1695 295 1728 20

254 2025 297 2059 25

256 2354 300 2387 30

322 319 335 355 1
351 317 396 355 12
1108 309 1286 355 Origenes

319 423 399 464 Sed
422 422 610 472 Balaam,
644 425 688 462 ut
711 420 926 474 Scriptura
957 421 1092 471 docet,
1123 421 1286 462 rettulit
1314 421 1415 461 haec
1446 423 1498 461 ad
1521 421 1669 471 Deum,
1700 435 1723 460 a
1754 433 1836 473 quo
1858 421 1898 459 et
1926 419 2068 459 venire

318 490 574 543 prohibetur.
635 487 717 528 Sed
747 488 899 528 iterum
931 500 1003 527 rex
1034 487 1163 527 mittit
1191 486 1353 541 legatos
1385 489 1424 527 et
1452 486 1654 540 neglectis
1686 486 1813 527 armis
1835 498 1951 538 spem
1982 498 2069 525 om-

318 570 413 596 nem
456 555 574 608 ponit
614 555 657 593 in
687 551 875 603 Balaam,
917 554 964 593 ut
1004 553 1146 593 veniat
1187 555 1228 593 et
1267 552 1396 595 verba
1438 552 1601 593 deferat
1637 555 1762 605 atque
1791 552 1836 591 in
1865 548 2068 604 populum

317 621 523 661 iaculetur
553 619 776 660 maledicta
806 633 883 672 pro
914 617 1020 669 telis,
1063 619 1096 659 si
1138 618 1248 660 forte
1278 619 1416 659 verbis
1448 618 1622 659 Balaam
1652 619 1844 659 vincatur
1873 615 2068 670 populus,

318 701 443 740 quem
474 687 586 739 regis
619 687 826 727 exercitus
858 699 1053 738 superare
1086 699 1169 727 non
1199 686 1376 738 poterat.
1434 683 1550 725 Haec
1579 685 1754 726 historia
1795 684 1896 738 quid
1926 695 2069 724 conse-

318 753 511 806 quentiae
556 752 691 802 habet,
734 753 835 805 quid
878 750 1039 792 consilii
1083 752 1293 792 ostendit?
1355 750 1438 792 Ubi
1469 750 1536 791 vel
1566 752 1736 804 quando
1767 751 1957 790 auditum
1989 751 2068 789 est:

318 821 411 873 quis
442 832 591 873 regum
627 819 870 859 imminente
909 816 1195 870 sibi-proelio,
1235 818 1400 858 omissis
1422 818 1550 858 armis
1574 818 1841 870 exercituque
1863 815 2069 869 neglecto,

317 888 369 927 ad
413 886 543 927 divini
585 884 761 925 alicuius
804 883 871 925 vel
906 884 1139 936 haruspicis
1171 884 1299 925 verba
1330 884 1550 937 confugit?
1609 882 1730 924 Unde
1760 884 1915 923 iterum
1945 884 2069 935 atque

316 955 468 993 iterum
498 951 576 991 Dei
606 952 724 992 nobis
755 952 966 992 exoranda
999 953 1059 991 est
1090 951 1237 1005 gratia,
1270 953 1316 991 ut
1346 951 1449 991 haec
1479 964 1563 992 non
1594 948 1798 990 fabulosis
1828 951 1870 989 et
1889 948 2070 991 Iudaicis

318 1019 639 1068 narrationibus,
682 1019 755 1058 sed
797 1016 1069 1058 rationalibus
1108 1019 1147 1058 et
1178 1018 1316 1070 dignis
1349 1017 1491 1057 divina
1519 1016 1614 1070 lege
1644 1017 1853 1069 possimus
1883 1015 2070 1056 sensibus

318 1084 559 1138 explicare„
597 1083 741 1125 Primo
774 1096 875 1138 ergo
906 1085 1095 1124 omnium
1125 1083 1344 1124 fatendum
1377 1086 1439 1124 est
1467 1073 1510 1124 in
1541 1083 1793 1137 quibusdam
1823 1080 1918 1135 plus
1948 1094 2069 1135 posse

319 1154 359 1193 et
388 1151 482 1205 plus
513 1150 652 1192 valere
684 1152 809 1190 verba
840 1164 967 1203 quam
989 1164 1179 1204 corpora,
1212 1151 1323 1204 quia,
1355 1151 1468 1203 quod
1492 1150 1699 1190 exercitus
1722 1147 1949 1189 multarum
1971 1159 2071 1201 gen-

319 1219 423 1259 tium
466 1218 658 1270 nequiret
701 1215 879 1267 efficere,
923 1218 1035 1270 quod
1077 1216 1189 1258 ferro
1230 1219 1269 1257 et
1310 1218 1438 1257 armis
1469 1231 1553 1257 non
1583 1202 1726 1269 posset
1756 1215 1948 1264 obtineri,
1990 1214 2071 1256 hoc

320 1286 454 1324 verbis
498 1283 694 1332 efficitur3
740 1285 781 1324 et
821 1298 904 1323 non
948 1284 1041 1324 dico
1081 1284 1234 1323 sanctis
1265 1283 1403 1324 verbis
1436 1282 1501 1323 vel
1531 1282 1610 1324 Dei
1639 1283 1790 1332 verbis,
1833 1282 1906 1322 sed
1935 1281 2070 1321 verbis

320 1351 584 1403 quibusdam,
608 1364 714 1403 quae
735 1351 844 1390 inter
864 1349 1054 1390 homines
1075 1349 1293 1400 habentur,
1318 1364 1423 1402 quae
1439 1351 1650 1402 quomodo
1665 1349 1890 1398 nominem,
1912 1348 2069 1394 nescim

320 1420 417 1458 sunt
444 1420 586 1458 tamen
614 1416 754 1456 inutili
784 1420 872 1456 arte
904 1417 1149 1469 composita,
1181 1417 1299 1456 cuius
1331 1416 1431 1456 artis
1462 1414 1713 1456 vocabulum
1734 1413 1841 1455 illud
1861 1415 1926 1464 sit,
1957 1414 2070 1467 quod

320 1485 542 1536 unicuique
585 1481 797 1536 appellare
840 1481 950 1523 libet.
1007 1482 1084 1522 Est
1115 1495 1238 1536 ergo,
1280 1485 1327 1522 ut
1357 1483 1456 1532 dixi,
1499 1483 1612 1535 apud
1642 1481 1832 1522 homines
1863 1495 1968 1534 opus
1999 1478 2071 1520 ah·-

320 1552 445 1605 quod,
489 1551 601 1604 quod
646 1549 783 1589 verbis
827 1548 1027 1597 efficitur;
1072 1551 1186 1602 quod
1227 1551 1369 1589 tamen
1412 1562 1516 1602 opus
1558 1547 1642 1589 tale
1682 1550 1756 1598 est,
1797 1549 1844 1588 ut
1879 1546 2073 1600 quamvis

320 1616 484 1670 magnis
526 1615 714 1668 corporis
755 1614 916 1655 viribus
957 1629 1042 1656 non
1083 1615 1214 1668 possit
1256 1614 1436 1668 impleri.
1497 1613 1630 1655 Verbi
1673 1614 1823 1668 gratia,
1868 1615 1988 1654 erant
2028 1612 2071 1652 in

321 1684 514 1736 Aegypto
543 1682 828 1722 incantatores
860 1684 900 1722 et
929 1681 1054 1735 magi.
1094 1680 1194 1729 Quis
1215 1684 1353 1734 potest
1374 1681 1591 1722 hominum
1612 1679 1862 1722 fortitudine
1884 1678 2072 1733 corporis

321 1750 485 1804 virgam
527 1751 688 1789 mutare
729 1748 772 1788 in
815 1749 1065 1800 serpentem,
1109 1749 1220 1801 quod
1252 1747 1304 1788 ab
1335 1746 1420 1788 illis
1450 1747 1609 1787 factum
1639 1746 1831 1797 refertur,
1875 1748 1947 1787 aut
1977 1745 2071 1799 quis

322 1818 458 1869 potest
486 1814 645 1856 viribus
675 1814 862 1867 corporis
893 1828 1044 1867 aquam
1074 1814 1119 1853 in
1150 1813 1398 1867 sanguinem
1434 1815 1628 1854 vertere?
1671 1812 1879 1854 Fecerunt
1908 1812 1987 1853 hoc
2009 1814 2069 1852 ta-

323 1897 416 1924 men
438 1882 743 1935 Aegyptiorum
763 1881 1048 1920 incantatores
1072 1882 1110 1920 et
1132 1880 1256 1934 magi.
1297 1879 1472 1921 Fecerat
1493 1880 1604 1921 enim
1624 1879 1728 1920 haec
1749 1879 1865 1932 prius
1884 1879 2070 1931 Moyses;

323 1949 523 2002 sed'quia
554 1948 711 1989 sciebat
741 1961 813 1987 rex
834 1947 1017 2000 Aegypti
1047 1948 1160 1999 quod
1189 1950 1361 1999 possent
1391 1947 1494 1988 haec
1524 1949 1613 1986 arte
1645 1947 1826 1999 quadam
1856 1944 1947 1985 fieri
1977 1958 2069 1986 ver—

321 2016 485 2065 borum,
529 2028 634 2067 quae
676 2014 850 2054 habetur
890 2013 1001 2053 inter
1030 2012 1232 2063 homines,
1274 2013 1440 2067 putavit
1471 2015 1510 2053 et
1539 2013 1713 2066 Moysen
1743 2026 1829 2052 non
1858 2011 1963 2052 haec
1991 2010 2071 2051 Dei

326 2083 487 2131 virtute,
530 2083 602 2122 sed
632 2080 798 2133 magica
827 2081 916 2120 arte
948 2079 1096 2120 fecisse
1129 2082 1181 2130 et,
1226 2081 1339 2133 quod
1371 2080 1554 2120 humana
1586 2081 1673 2120 arte
1705 2078 1877 2128 fecerat,
1918 2077 1962 2117 id
1991 2076 2070 2118 Dei

324 2149 483 2189 factum
503 2150 658 2188 virtute
690 2145 902 2187 simulare.
951 2144 1199 2187 >Convocat<
1226 2146 1425 2188 continuo
1445 2145 1768 2200 >Aegyptiorum
1788 2144 2071 2185 incantatores

324 2218 364 2255 et
397 2227 570 2268 magOS<.
609 2213 725 2255 Inter
754 2227 861 2263 eum,
893 2212 965 2266 qui
994 2212 1149 2253 virtute
1172 2211 1249 2253 Dei
1280 2212 1543 2266 operabatur,
1575 2214 1616 2252 et
1637 2226 1720 2262 eos,
1752 2210 1822 2264 qui
1845 2212 2069 2251 daemones

323 2280 588 2330 invocabant,
630 2279 732 2320 facit
773 2293 860 2320 esse
902 2281 1128 2320 certamen.
1187 2278 1331 2319 Efficit
1365 2281 1506 2319 tamen
1535 2277 1760 2319 >similiter<
1790 2279 1830 2318 et
1859 2277 2069 2318 contraria

324 2349 457 2389 virtus
486 2347 650 2401 virgam
681 2348 931 2399 serpentem,
963 2345 1070 2386 sicut
1100 2345 1258 2386 fecerat
1288 2346 1420 2387 virtus
1447 2345 1543 2394 Dei3
1576 2347 1648 2386 sed
1679 2358 1862 2398 serpens,
1894 2342 1967 2396 qui
1994 2357 2071 2396 per

325 2415 401 2455 Dei
432 2414 627 2454 virtutem
649 2413 787 2453 factus
806 2412 956 2462 fuerat,
986 2412 1232 2452 >absorbuit<
1255 2414 1294 2453 et
1316 2412 1536 2454 devoravit
1557 2425 1701 2453 omnes
1725 2409 1820 2452 illos
1842 2410 2069 2463 serpentes,

325 2482 397 2534 qui
429 2482 517 2520 arte
548 2479 713 2533 magica
746 2493 793 2518 ex
824 2478 956 2531 virgis
988 2478 1097 2518 versi
1126 2479 1293 2519 fuerant
1323 2479 1365 2519 in
1396 2481 1629 2532 serpentes:
1672 2491 1756 2518 non
1793 2476 1904 2517 enim
1933 2475 2070 2529 potuit

443 2655 507 2690 lff
540 2654 615 2699 vgl.
641 2653 748 2687 Num.
775 2654 827 2691 22,
853 2653 885 2687 8.
911 2653 964 2687 12.
991 2654 1033 2687 15
1059 2672 1101 2677 —
1126 2653 1150 2687 9
1175 2653 1252 2698 vgl.
1277 2653 1351 2688 Tit.
1378 2655 1407 2697 1,
1434 2655 1477 2687 14
1500 2673 1543 2677 —
1570 2653 1620 2688 23
1652 2652 1728 2697 vgl.
1753 2651 1867 2686 Exod.
1892 2652 1923 2692 7,
1950 2651 2002 2686 11.
2025 2633 2070 2684 22

330 2724 409 2759 23f
431 2722 506 2767 vgl.
533 2721 646 2756 Exod.
673 2722 702 2764 7,
729 2721 783 2756 10.
810 2721 853 2754 20
877 2739 921 2744 -
948 2721 995 2755 27
1024 2720 1100 2765 vgl.
1127 2719 1240 2754 Exod.
1266 2721 1297 2761 7,
1323 2720 1364 2754 11
1391 2739 1434 2743 -—
1460 2720 1510 2756 29
1538 2720 1612 2765 vgl.
1638 2719 1753 2754 Exod.
1779 2720 1810 2761 7,
1836 2718 1878 2752 12

443 2884 461 2918 1
491 2882 583 2917 dicit
606 2882 636 2916 0
726 2882 749 2915 6
778 2879 954 2924 ostendit]
979 2879 1077 2925 tegit
1101 2880 1153 2923 ed,
1166 2880 1247 2914 Ald.
1261 2880 1335 2914 Del.
1380 2883 1383 2922 Ι
1428 2882 1484 2915 est
1502 2886 1541 2920 —f-
1561 2880 1658 2924 quod
1679 2880 1808 2923 9‚Ald.
1824 2879 1897 2913 Del.
1969 2878 1991 2914 8
2018 2877 2069 2913 di-

2094 1827 2148 1853 319
2168 1826 2238 1854 Del.

2093 1963 2147 1989 149
2164 1963 2282 1990 Lomm.

330 2949 492 2985 vinaculi
517 2950 549 2983 Α
595 2950 599 2992 Ι
644 2948 717 2993 vel]
743 2949 809 2982 aut
829 2948 859 2980 B
929 2948 979 2983 10
1005 2947 1295 2982 rationabilibus
1313 2948 1347 2982 D
1419 2949 1466 2984 17
1495 2947 1654 2982 diximus
1671 2947 1705 2980 Β
1775 2947 1854 2982 22ἷ
1875 2959 1921 2978 Ν
1945 2946 2070 2981 tamen
2105 2968 2108 2969 ν

328 3019 398 3053 hoc
423 3018 466 3060 A,
481 3016 562 3052 Αἶά.
576 3016 649 3050 Del.
711 3016 761 3051 23
787 3015 856 3050 hoc
880 3014 914 3047 B
962 3015 1010 3050 24
1038 3016 1193 3060 possunt
1215 3015 1249 3048 Β
1272 3014 1416 3060 possint
1432 3015 1580 3057 ACDE,
1604 3014 1715 3049 kaurn
1734 3014 1871 3059 richtig
1921 3013 1970 3049 28
1996 3024 2070 3048 ma·

330 3096 396 3131 gos
422 3091 463 3126 —k—
490 3085 526 3119 et
557 3084 585 3115 (¹
