2373 3314
329 203 407 241 442
1111 194 1288 240 Origenes

330 312 587 364 speravimus
628 311 670 350 in
707 308 920 357 Christ0«;
963 301 1036 349 sed
1067 310 1119 349 ret
1159 309 1213 348 ad
1242 305 1633 349 Thessalonicenses
1664 306 1765 348 haec
1802 305 2074 364 scribentem:

333 378 513 430 »gratias
545 379 717 430 agentes
750 375 838 417 Deo
861 374 998 426 Patri,
1024 375 1095 428 qui
1124 375 1299 416 idoneos
1328 387 1405 415 nos
1435 372 1537 415 fecit
1555 374 1599 414 in
1619 375 1737 427 parte
1765 372 1888 414 sortis
1910 373 2076 414 sancto-

313 455 420 483 ‘rum
450 445 493 483 in
524 442 720 484 lumine«.
777 441 882 483 Tam
912 441 1054 483 multis
1083 442 1212 496 igitur
1254 455 1302 482 ex
1345 440 1563 494 scripturis
1605 441 1759 481 sanctis
1800 440 1851 480 de
1894 452 2074 480 comme-

329 511 559 551 moratione
591 509 766 550 sortium
796 508 1046 550 testimoniis
1078 507 1356 561 congregatis,
1399 520 1480 560 quo
1519 521 1567 547 ex
1613 506 1840 548 multorum
1883 505 2073 548 locorum

283 580 302 614 5
329 576 660 618 consideratione
692 576 891 616 virtutem
920 575 981 616 rei
1012 575 1218 628 possimus
1240 573 1485 627 diligentius
1507 573 1835 627 apprehendere,
1858 572 1960 614 mihi
1981 573 2072 627 qui-

328 643 423 684 dem
455 657 503 684 ex
534 643 598 683 his
629 642 823 684 omnibus
853 641 921 683 vel
951 642 1123 683 evidens
1154 640 1292 682 adhuc
1322 654 1466 682 sensus
1497 641 1550 680 ad
1578 639 1785 694 liquidum
1817 642 1961 693 patere
1987 654 2073 682 non

328 711 465 762 potuit
494 709 561 750 vel
593 710 717 750 etiam
749 710 799 750 de.-
830 723 874 750 re
905 710 1022 750 tanta
1055 707 1299 749 enuntiandi
1332 709 1372 747 et
1401 706 1644 760 proferendi
1676 707 1816 748 arcani
1846 708 1983 747 metus
2011 706 2074 747 in-

328 777 447 818 sedit.
505 775 618 818 Illud
647 778 803 827 tamen,
832 777 876 816 in
907 777 1110 829 quantum
1141 789 1206 816 res
1242 775 1412 828 patitur,
1456 774 1681 827 contigisse
1723 772 1917 824 sufficiat,
1960 775 2073 827 quod

328 843 448 884 nobis
480 843 531 884 ab
561 842 775 897 Apostolis
805 856 894 884 sors
928 844 1055 884 ducta
1096 841 1303 896 designat,
1346 841 1457 894 quia,
1499 840 1570 881 ubi
1612 855 1662 882 ex
1703 840 1786 882 fide
1825 841 1993 894 integra
2035 843 2076 881 et
2124 877 2130 886 ,

261 914 303 949 10
329 910 516 952 oratione
547 910 770 963 praemissa
800 923 889 951 sors
921 909 1099 959 ducitur,
1131 923 1192 959 ea,
1224 921 1330 961 quae
1361 907 1439 948 Dei
1475 906 1669 949 voluntas
1705 908 1891 949 continet
1925 907 1971 948 in
2006 921 2074 949 oc-

327 976 454 1028 culto‚
486 991 575 1018 sors
605 976 844 1018 hominibus
875 975 1060 1017 declarat
1090 976 1133 1016 in
1166 975 1401 1016 manifesto.

442 1046 477 1085 3.
517 1042 756 1085 Secundum
786 1043 1029 1084 interiorem
1059 1056 1159 1083 vero
1189 1041 1466 1092 intellectum,
1499 1041 1608 1082 sicut
1639 1039 1796 1081 Paulus
1825 1040 1991 1082 videtur
2009 1041 2074 1080 in-

330 1110 482 1161 dicare,
526 1124 621 1151 cum
651 1110 771 1151 dicit:
819 1110 885 1150 »in
926 1111 1046 1163 parte
1089 1109 1213 1151 sortis
1255 1110 1521 1149 sanctorum«
1568 1110 1629 1148 et:
1675 1108 1811 1148 »sorte
1852 1107 1991 1148 vocati
2030 1107 2074 1147 in

329 1176 796 1228 Christo«,¹videndum
827 1179 900 1227 est,
942 1190 993 1217 ne
1024 1175 1132 1217 forte
1173 1190 1258 1217 non
1289 1174 1424 1216 solum
1453 1175 1497 1214 in
1537 1173 1793 1224 hominibus,
1836 1175 1910 1215 sed
1951 1176 1992 1215 et
2031 1174 2076 1215 in

261 1245 302 1279 15
328 1244 520 1297 supernis
551 1243 774 1284 virtutibus
792 1257 895 1284 >sors
926 1244 1078 1298 agatur
1108 1244 1148 1283 et
1177 1242 1415 1295 praesideat
1445 1239 1586 1295 aliqua
1617 1241 1749 1281 virtus
1787 1240 1883 1281 huic
1920 1239 2074 1292 officio,

329 1325 447 1364 quae,
479 1310 597 1351 verbi
628 1324 764 1361 causa,
795 1309 889 1351 lesu
918 1308 1005 1350 filio
1036 1307 1156 1349 Nave
1194 1322 1305 1349 nunc
1343 1310 1455 1349 sorte
1493 1307 1770 1348 hereditatem
1807 1306 2076 1351 distribuenti

328 1391 412 1418 non
443 1379 494 1418 ad
526 1377 709 1431 aliquam
741 1376 935 1430 gratiam,
967 1377 1039 1417 sed
1069 1376 1299 1416 secundum
1320 1374 1400 1415 hoc
1421 1375 1534 1428 quod
1556 1375 1634 1415 scit
1655 1373 1743 1416 Deo
1765 1373 1945 1427 placere,
1977 1375 2076 1416 duc-

327 1447 417 1484 tum
447 1444 649 1498 praebeat
679 1444 804 1484 sortis
836 1445 875 1484 et
894 1442 957 1484 illi
978 1443 1148 1496 quidem
1170 1441 1298 1482 faciat
1325 1442 1505 1492 evenire,
1536 1454 1642 1494 quae
1663 1441 1799 1495 prima
1820 1443 1929 1490 sunt,
1951 1454 2075 1495 quem

329 1511 408 1552 scit
437 1513 548 1565 apud
579 1511 715 1553 Deum
745 1512 928 1564 primum
958 1509 1102 1551 locum
1127 1510 1284 1560 tenere,
1315 1521 1397 1561 quo
1428 1508 1520 1559 hoc,
1563 1509 1676 1561 quod
1711 1507 1757 1549 in
1793 1506 1968 1549 occultis
2004 1507 2076 1548 ha-

262 1580 304 1615 20
329 1578 452 1619 betur
483 1580 594 1632 apud
624 1578 774 1630 Deum,
806 1578 931 1620 sortis
953 1575 1254 1630 gubernatione
1288 1576 1414 1616 etiam
1435 1574 1676 1616 hominibus
1704 1575 2075 1625 demonstraretur,

332 1644 462 1685 alium
491 1659 591 1686 vero
622 1645 761 1686 facere
791 1644 964 1686 secundi
993 1642 1077 1685 loci
1107 1644 1147 1683 et
1177 1641 1307 1683 alium
1336 1641 1464 1683 tertii.
1524 1640 1643 1690 Quod
1683 1641 1743 1682 ita
1785 1643 1950 1695 gestum
1989 1655 2075 1683 non

333 1711 467 1753 solum
497 1712 542 1752 in
572 1712 693 1753 terris
724 1712 918 1762 arbitror,
949 1724 1096 1752 verum
1128 1710 1252 1750 etiam
1281 1708 1326 1749 in
1357 1707 1606 1749 coelestibus
1645 1709 1685 1749 et
1715 1707 1956 1749 huiusmodi
1987 1721 2075 1749 sor-

333 1780 430 1830 tem,
463 1792 567 1832 quae
599 1780 712 1832 apud
732 1778 868 1820 Deum
889 1777 1136 1818 meritorum
1159 1775 1511 1828 contemplatione
1533 1774 1823 1828 distinguitur,
1855 1775 1980 1815 etiam
1999 1773 2075 1815 illo

335 1925 417 1967 τοῦ
448 1918 674 1980 όνόιιατος
704 1918 844 1965 αυτοῦ
874 1922 935 1972 εἰς
966 1918 1018 1964 τὸ
1051 1918 1164 1963 εἶναι
1196 1914 1307 1975 ἡμᾶς
1337 1919 1398 1969 εἰς
1429 1917 1616 1962 ἔπαινον
1647 1913 1778 1973 δόξης
1808 1912 1950 1961 αὐτοῦ
1971 1914 2078 1968 τοὺς

266 1996 309 2030 25
333 1986 672 2046 προηλπικότας
693 1990 740 2033 ἐν
763 1990 828 2044 τῷ
853 1990 1078 2043 Χριστῷ<<
1113 1989 1198 2030 Καὶ
1217 1982 1331 2041 πρὸς
1355 1988 1642 2036 Κολασσαεῖς·
1669 1979 2078 2039 »Εὐχαριστοῦντες

334 2059 402 2113 τῷ
432 2059 572 2111 πατρὶ
601 2058 670 2112 τῷ
700 2051 977 2099 ἱκανώσαντι
1007 2048 1120 2109 ἡμᾶς
1150 2054 1211 2103 εἰς
1242 2049 1325 2107 τὴν
1345 2052 1499 2107 μερίδα
1521 2053 1604 2094 τοῦ
1624 2047 1795 2107 κληρου
1817 2052 1915 2094 τῶν
1935 2045 2078 2106 ἁγίων

335 2124 382 2166 ἐν
413 2126 478 2179 τῷ
511 2126 671 2178 φωτί<<.
730 2116 922 2178 ιΠηποτε
951 2121 1045 2170 οὐν,
1092 2133 1238 2173 φασιν,
1277 2135 1340 2168 ως
1371 2118 1418 2162 ἐν
1449 2112 1715 2172 ἅνθρωποις
1744 2118 1902 2172 κλῆροι
1933 2119 2079 2173 γίνον-

336 2208 422 2243 ται
455 2184 603 2240 ου’τως
632 2191 707 2232 καὶ
737 2190 786 2233 ἐν
816 2182 1069 2243 δυναιιεσινς
1998 2202 2001 2205 ·

449 2262 484 2301 3.
514 2252 584 2307 Ὡς
615 2252 670 2299 ἂν
701 2249 781 2300 οὖν
812 2251 870 2311 μὴ
897 2250 1011 2309 πρὸς
1031 2249 1158 2308 χάριν
1182 2247 1207 2308 ἡ
1230 2253 1311 2307 τῆς
1332 2253 1411 2307 γῆς
1433 2251 1572 2304 ἔξεστι
1594 2251 1841 2306 διανέμησις
1862 2253 2078 2306 γίνεσθαι,

268 2331 312 2365 30
337 2327 403 2381 τῷ
440 2326 539 2379 Θεῷ
571 2320 642 2366 διὰ
672 2317 858 2378 κλήρων
878 2315 1040 2377 Ἰησοῦς
1071 2315 1213 2375 αὐτὴν
1243 2319 1485 2372 ἐπιτρέπει.
1551 2314 1788 2368 Τοιούτους
1809 2312 1851 2360 ‹5'
1884 2313 1939 2360 ἂν
1961 2317 2080 2360 εἴποι

453 2503 474 2522 ⁰
518 2502 568 2536 25
595 2501 676 2537 Kol.
703 2503 734 2545 1,
761 2501 818 2542 123
856 2511 893 2536 es
918 2499 1014 2545 liegt
1038 2498 1099 2534 ein
1123 2499 1258 2533 Irrtum
1283 2497 1408 2532 Rufins
1433 2498 1547 2539 (oder,
1572 2507 1680 2531 wenn
1705 2495 1844 2541 Procop
1872 2495 1990 2531 selbst
2013 2495 2079 2530 das

338 2569 512 2615 Richtige
536 2568 758 2614 hergestellt
782 2569 859 2611 hat,
885 2569 948 2603 des
974 2567 1166 2612 Origenes)
1191 2577 1256 2601 vor
1280 2585 1323 2591 --
1352 2566 1397 2600 13
1426 2564 1508 2600 Kol.
1534 2565 1564 2606 1,
1589 2564 1633 2599 12
1655 2582 1699 2588 —
1724 2563 1801 2608 vgl.
1825 2562 1957 2609 Ephes.
1982 2563 2012 2606 1,
2037 2565 2078 2598 11

454 2716 473 2750 1
502 2715 861 2759 Thessalonicenses]
888 2714 1121 2750 Colossenses
1146 2713 1219 2747 DeJ.
1313 2713 1336 2748 2
1364 2713 1536 2758 agentem
1561 2710 1632 2745 ΕΡ
1651 2720 1764 2754 agens
1789 2709 1821 2743 A
1865 2709 1871 2754 Ι
1913 2708 1953 2744 in
1976 2710 2082 2756 parte

341 2783 435 2819 auch
459 2783 494 2819 Z.
512 2784 564 2826 13,
590 2782 666 2817 also
692 2782 819 2817 kaurn:
845 2781 884 2816 in
909 2782 1051 2827 partem
1145 2781 1168 2816 3
1194 2791 1238 2815 ex
1263 2787 1306 2818 <
1331 2782 1386 2814 Aa
1479 2781 1501 2816 5
1529 2778 1728 2824 diligenter
1746 2777 1778 2811 A
1864 2778 1886 2812 6
1912 2776 2032 2815 vel<
2048 2777 2081 2810 A

345 2853 361 2887 7
388 2850 587 2885 nuntiandi
613 2850 684 2885 EF
773 2850 821 2885 14
848 2850 886 2884 et
909 2855 952 2886 <
977 2849 1012 2882 P
1103 2849 1150 2884 17
1179 2849 1226 2882 ad
1250 2855 1293 2885 <
1318 2849 1388 2882 DP
1438 2848 1446 2891 Ι
1496 2846 1565 2882 hoc
1590 2853 1629 2882 <
1658 2845 1697 2888 P,
1712 2844 1890 2889 AMAEel„
1913 2843 2081 2890 richtig‘?

343 2920 421 2955 171·
442 2919 617 2953 ducatum
643 2918 686 2961 D,
701 2916 780 2953 Ala.
794 2916 866 2951 Del.
954 2916 1003 2952 18
1029 2915 1140 2951 sortis
1165 2922 1208 2953 <
1233 2916 1274 2959 P,
1289 2915 1368 2950 Αἶά.
1385 2915 1456 2950 Del.
1501 2915 1506 2959 1
1549 2913 1675 2949 venire
1694 2913 1729 2946 Ε
1820 2913 1871 2948 20
1889 2912 2079 2964 ‚guberna-

339 2986 453 3031 tione]
471 2997 489 3020 c
513 2985 599 3020 hort
623 2986 701 3026 auf3
731 2984 816 3020 0=
837 2996 854 3017 υ
872 2989 912 3024 —f-
930 2985 951 3019 l„-
994 2986 999 3029 l
1043 2983 1316 3019 demonstretur
1339 2982 1376 3016 P
1465 2982 1516 3017 ‘28
1540 2980 1608 3016 illo
1634 2987 1675 3022 -f-
1701 2980 1740 3015 in
1762 2979 1792 3014 O

2097 1771 2152 1798 195
2169 1768 2292 1796 Lomm³

2093 1808 2149 1834 451
2169 1804 2238 1832 Del.
