2373 3522
296 990 337 1025 10

363 281 441 321 208
1147 256 1325 317 Origenes

362 391 459 430 estis
502 388 673 429 verbum
717 399 856 426 meum
896 386 940 425 in
982 386 1149 425 deserto
1181 383 1267 434 Sin,
1310 386 1350 425 et
1391 398 1475 426 non
1506 399 1572 425 me
1602 383 1897 426 sanctificastis
1925 384 1969 424 in
2000 397 2110 438 aqua

362 470 502 497 coram
545 453 643 495 filiis
686 450 910 494 lstrahe1<22
959 453 1005 492 ut
1051 450 1321 491 manifestum
1365 451 1419 491 sit
1461 450 1650 492 omnibus
1693 452 1804 504 quod
1846 449 1916 491 ille
1959 450 2111 492 debeat

362 522 472 563 solus
504 521 674 574 requiri,
706 520 811 572 >qui<
841 517 953 560 solus
982 520 1218 570 >peceatum
1249 532 1334 559 non
1365 517 1477 568 fecit,
1507 531 1586 559 nec
1614 518 1810 559 inventus
1842 519 1904 558 est
1925 516 2046 558 dolus
2065 517 2110 557 in

361 603 431 630 ore
465 589 579 629 eius<.

472 659 507 695 4.
551 654 633 695 Sed
675 654 847 694 interim
889 653 1107 693 videamus
1149 652 1287 705 Moysi
1327 650 1691 705 magnificentiam.
1731 642 2018 693 ‘Recessurus
2059 651 2143 709 ‘³0⁴

361 720 527 762 saeculo
559 723 651 762 orat
682 719 818 760 Deum
848 720 895 758 ut
923 718 1162 771 >provideat
1192 719 1359 759 ducem<
1387 717 1558 770 populo.
1608 717 1716 766 Quid
1738 718 1842 771 agis,
1874 732 1898 759 o
1918 717 2110 771 Moyses?

361 787 580 842 Numquid
621 786 698 826 filii
739 786 815 826 tibi
857 798 942 825 non
984 786 1081 825 sunt
1113 783 1290 825 Gersom
1332 786 1373 834 et
1402 782 1603 825 Eleazer‘?
1661 784 1746 824 Aut
1787 784 1821 825 si
1863 783 2022 837 aliquid
2059 784 2110 825 de

359 856 461 908 ipsis
504 854 684 904 dubitas,
728 868 814 894 non
853 854 949 892 sunt
990 851 1067 892 filii
1109 850 1251 891 fratris
1287 852 1432 904 magni
1463 853 1503 892 et
1534 852 1695 905 egregii
1724 851 1832 892 viri?
1890 850 2110 899 Quomodo

361 936 445 963 non
476 935 569 961 oras
592 919 728 960 Deum
758 933 835 972 pro
865 919 981 971 ipsis,
1012 919 1058 958 ut
1090 931 1160 958 eos
1191 918 1419 958 constituat
1448 916 1605 970 populo
1637 919 1791 958 duces?
1832 916 1916 958 Sed
1946 917 2110 958 discant

363 988 631 1030 eccle-siarum
663 987 876 1039 principes
907 998 1168 1026 successores
1200 984 1278 1024 sibi
1307 999 1391 1026 non
1423 998 1505 1035 eos,
1543 985 1615 1037 qui
1645 984 2010 1037 consanguinitate
2041 995 2111 1037 ge-

362 1056 472 1096 neri's
512 1054 645 1094 iuncti
689 1056 798 1103 sunt,
841 1066 915 1092 nec
955 1052 1025 1104 qui
1067 1051 1203 1091 carnis
1246 1051 1561 1103 propinquitate
1590 1051 1816 1100 sociantur,
1858 1051 2110 1091 testamento

362 1123 529 1175 signare
572 1134 707 1173 neque
750 1118 1051 1159 hereditarium
1086 1118 1253 1158 tradere
1286 1113 1812 1170 ecclesiae‘principatum,
1849 1117 1922 1157 sed
1952 1115 2110 1157 referre

295 1184 302 1191 ”
362 1189 416 1229 ad
436 1186 637 1228 iudicium
658 1185 736 1226 Dei
759 1187 798 1226 et
819 1199 904 1226 non
925 1183 1078 1237 eligere
1099 1182 1231 1234 illum,
1264 1197 1388 1237 quem
1409 1182 1616 1223 humanus
1637 1184 1904 1224 commendat
1925 1180 2110 1231 affectus,

295 1326 338 1359 15

296 1655 339 1690 20

363 1255 436 1294 sed
464 1252 543 1294 Dei
584 1251 742 1292 iudicio
784 1253 920 1292 totum
962 1252 1012 1291 de
1059 1249 1311 1290 successoris
1348 1248 1549 1290 electione
1580 1249 1834 1302 permittere.
1892 1247 2113 1302 Numquid

363 1335 448 1361 non
477 1321 643 1372 poterat
663 1318 831 1370 Moyses
861 1316 1016 1371 eligere
1047 1315 1280 1369 principem
1309 1314 1466 1368 populo
1498 1317 1539 1355 et
1569 1328 1668 1356 vero
1698 1314 1854 1356 iudicio
1887 1314 2041 1370 eligere
2071 1317 2112 1355 et

362 1388 477 1427 recta
518 1385 711 1437 iustaque
753 1382 978 1433 sententia,
1022 1383 1074 1422 ad
1116 1396 1241 1435 quem
1284 1382 1448 1422 dixerat
1488 1380 1618 1423 Deus:
1665 1380 1797 1434 »elige
1839 1381 2112 1435 presbyteros

362 1451 532 1505 populo,
576 1464 678 1504 quos
709 1452 756 1490 tu
785 1449 873 1503 ipse
906 1448 986 1490 scis
1016 1448 1284 1502 presbyteros
1315 1461 1444 1499 esse«,
1489 1450 1529 1489 et
1561 1446 1688 1501 elegit
1716 1447 1835 1499 tales,
1875 1448 1920 1488 in
1962 1447 2113 1503 quibus

363 1518 562 1559 continuo
595 1516 673 1557 Dei
702 1515 892 1569 >spiritus
920 1515 1217 1568 requiesceret,
1249 1516 1288 1554 et
1318 1513 1621 1568 prophetarent
1651 1517 1840 1556 omnes<‘?
1879 1513 1981 1563 Quis
2011 1526 2112 1568 ergo

362 1585 422 1625 ita
452 1583 588 1638 potuit
620 1582 776 1636 eligere
806 1581 1044 1635 principem
1074 1579 1240 1634 populi,
1280 1583 1328 1621 ut
1356 1581 1522 1634 Moyses
1552 1582 1746 1634 poterat?
1805 1579 1887 1621 Sed
1918 1581 1997 1622 hoc
2027 1583 2112 1623 nOn

364 1651 476 1701 facit,
519 1665 605 1692 non
635 1648 766 1703 eligit,
804 1663 889 1689 non
919 1649 1058 1689 audet.
1118 1646 1204 1688 Cur
1233 1661 1318 1688 non
1349 1649 1503 1688 audet?
1561 1645 1627 1688 Ne
1658 1647 1838 1700 posteris
1868 1639 2112 1701 praesump-

362 1717 490 1758 tionis
519 1716 732 1769 relinquat
764 1713 1012 1767 exemplum.
1053 1712 1136 1754 Sed
1166 1712 1356 1754 ausculta
1386 1713 1485 1766 quid
1518 1712 1638 1753 dicit:
1675 1714 1941 1766 »provideat«
1975 1713 2112 1767 inquit

368 1783 596 1825 »Dominus
628 1781 740 1822 Deus
782 1781 1005 1834 spirituum
1047 1782 1087 1820 et
1117 1779 1253 1820 omnis
1283 1779 1420 1820 carnis
1451 1779 1665 1820 hominem
1696 1793 1821 1833 super
1851 1791 2110 1835 synagogam

365 1850 483 1901 hanc,
515 1849 586 1902 qui
617 1848 860 1902 egrediatur
891 1848 986 1887 ante
1017 1845 1170 1887 faciem
1201 1860 1346 1887 eorum
1377 1847 1417 1886 et
1447 1846 1520 1899 qui
1549 1845 1825 1898 ingrediatur,
1857 1848 1898 1886 et
1927 1844 1999 1899 qui
2019 1860 2112 1899 pro-

365 1918 491 1957 ducat
534 1929 602 1956 eos
643 1917 683 1955 et
724 1914 797 1968 qui
838 1915 1053 1954 reducat«.
1112 1911 1157 1954 Si
1201 1924 1301 1965 ergo
1343 1910 1595 1953 tantus'ille
1627 1924 1674 1952 ac
1703 1910 1800 1953 talis
1830 1912 1996 1965 Moyses
2027 1926 2110 1953 non

295 1984 339 2018 25
366 1982 570 2036 permittit
598 1980 756 2022 iudicio
787 1994 861 2021 suo
893 1981 943 2020 de
976 1979 1170 2033 eligendo
1201 1978 1392 2032 principe
1423 1977 1582 2032 populi,
1615 1980 1666 2019 de
1697 1977 1990 2019 constituendo
2021 1991 2111 2020 suc-

364 2063 541 2098 cessore,
586 2048 677 2101 quis
721 2047 799 2088 erit
836 2047 908 2101 qui
938 2047 1093 2086 audeat
1122 2045 1189 2086 vel
1221 2059 1269 2085 ex
1301 2044 1458 2098 plebe,'
1481 2059 1587 2099 quae
1619 2059 1740 2098 saepe
1773 2044 2029 2086 clamoribus
2058 2046 2112 2085 ad

365 2116 558 2169 gratiam,
602 2116 673 2155 aut
716 2115 769 2154 ad
810 2113 993 2167 pretium
1035 2112 1215 2153 fortasse
1246 2112 1440 2162 excitata,
1483 2111 1643 2152 moveri
1673 2110 1792 2161 solet,
1834 2110 1901 2152 vel
1932 2114 1984 2151 exv
2012 2110 2111 2164 ipsis

366 2180 495 2222 etiam
515 2180 816 2222 sacerdotibus
847 2180 940 2233 quis
972 2179 1064 2230 erit,
1095 2178 1167 2232 qui
1197 2192 1242 2218 se
1272 2179 1327 2218 ad
1357 2177 1438 2218 hoc
1466 2177 1668 2219 idoneum
1687 2177 1857 2228 iudicet,
1887 2177 1968 2218 nisi
1989 2177 2024 2218 si
2044 2177 2112 2218 cui

365 2249 503 2289 oranti
534 2250 574 2288 et
603 2247 764 2300 petenti
796 2262 820 2286 a
850 2245 1029 2294 Domino
1059 2243 1298 2285 reveletur?
1357 2243 1475 2285 Sicut
1506 2246 1546 2284 et
1567 2243 1815 2285 Deusvdicit
1844 2245 1897 2283 ad
1917 2243 2109 2297 Moysen:

295 2323 314 2353 3
368 2316 564 2355 »adsume
608 2315 661 2353 ad
703 2314 832 2354 temet
872 2312 1011 2365 ipsun]
1053 2310 1192 2352 Iesum
1234 2309 1368 2351 filium
1409 2308 1552 2360 Nave,
1596 2310 1833 2360 hominem,
1876 2312 1948 2363 qui
1984 2309 2111 2350 habet

365 2382 558 2433 spiritum
586 2379 663 2420 Dei
694 2380 737 2419 in
769 2381 899 2420 semet
929 2378 1034 2431 ipso,
1067 2379 1108 2418 et
1135 2378 1327 2430 impones
1358 2390 1507 2417 manus
1537 2379 1631 2417 tuas
1660 2390 1786 2429 super
1816 2389 1928 2424 eum3
1959 2377 2000 2416 et
2030 2378 2110 2417 sta-

480 2556 503 2589 3
530 2555 605 2599 vgl.
632 2554 762 2588 IPetr.
787 2554 818 2597 2,
846 2554 888 2587 ‘22
914 2574 956 2578 —
983 2555 1004 2588 6
1031 2554 1105 2598 vgl.
1131 2553 1238 2586 Num.
1265 2554 1317 2596 27,
1344 2553 1386 2587 16
1410 2572 1453 2576 —
1484 2553 1500 2587 7
1529 2551 1604 2597 vgl.
1629 2551 1743 2586 Exod.
1768 2552 1799 2593 2,
1816 2551 1876 2591 22;
1903 2552 1956 2594 18,
1973 2553 2005 2585 3.
2021 2551 2044 2586 4
2068 2571 2111 2576 —

368 2623 389 2657 8
416 2622 493 2667 vgl.
520 2622 634 2656 Exod.
661 2622 714 2665 28,
740 2623 757 2656 1
786 2641 828 2645 —
856 2623 905 2656 10
933 2621 1006 2665 vgl.
1033 2621 1126 2654 dazu
1142 2620 1317 2654 Harnack
1334 2619 1398 2654 TU
1413 2620 1468 2663 4‘2,
1487 2621 1506 2654 3
1525 2618 1558 2654 S.
1577 2620 1618 2653 77
1643 2638 1687 2643 —-
1714 2619 1762 2653 16
1790 2617 1895 2652 Num.
1921 2619 1974 2661 11,
2000 2618 2043 2653 16
2067 2637 2110 2650 -,-

370 2690 416 2725 18
444 2689 519 2734 vgl.
546 2689 652 2724 Num.
679 2690 732 2730 11,
757 2689 801 2723 25
825 2708 869 2713 —
896 2689 943 2722 21
972 2688 1077 2722 Num.
1103 2688 1158 2730 27,
1183 2687 1314 2722 16—17
1340 2706 1385 2712 —-
1409 2688 1460 2722 30
1486 2686 1591 2720 Num.
1616 2686 1671 2727 27,
1697 2684 1830 2720 18—‘20

2133 787 2189 814 356
2208 788 2278 816 Del.

2132 1321 2188 1347 272
2205 1321 2325 1348 Lomm.
2371 1320 2373 1322 '

482 2845 534 2879 2f
554 2857 600 2875 ω
625 2844 724 2879 solus
750 2844 883 2878 debeat
907 2842 941 2876 B
1036 2844 1058 2878 5
1084 2841 1401 2887 magnificentiam
1428 2848 1468 2881 -ι-
1494 2852 1579 2875 nam
1604 2840 1636 2874 A
1713 2840 1729 2874 7
1758 2852 1803 2870 cx>
1828 2839 1899 2874 tibi
1925 2838 1994 2873 filii
2014 2838 2050 2872 ’Β
2101 2839 2107 2883 Ι
2133 2833 2140 2835 ’

368 2911 500 2946 eliezer
528 2911 681 2955 Gbclmw,
695 2910 770 2944 Del.
795 2910 871 2955 vgl.
900 2911 929 2944 S.
948 2910 1025 2953 209,
1044 2912 1062 2944 1
1088 2909 1226 2944 elicher
1247 2920 1271 2953 9
1371 2909 1418 2944 21
1446 2908 1680 2958 relinquatur
1707 2907 1736 2942 Ο
1835 2908 1885 2942 22
1912 2906 2108 2952 spirituum

368 3005 376 3013 .
395 3006 401 3013 .
422 3007 427 3012 .
455 2978 575 3012 carnis
600 2985 643 3016 <
668 2979 703 3012 D
771 2979 776 3022 Ι
848 2980 885 3012 et
909 2985 951 3016 <
978 2978 1021 3019 A,
1046 2977 1142 3011 nach
1167 2977 1231 3011 der
1256 2975 1367 3020 Vulg.
1484 2975 1532 3010 27
1561 2975 1608 3009 ad
1632 2973 1804 3018 pretium]
1831 2973 1948 3019 pretio
1976 2973 2048 3008 Del.
2096 2973 2103 3017 1

367 3046 534 3081 fortassis
558 3046 752 3088 Bc=2c·,Del.,
777 3045 942 3090 richtig‘?
