2341 3382
497 171 517 246 l

790 271 830 306 in
853 271 1031 307 Numeros
1054 270 1217 306 Homilia
1243 268 1373 311 XXIV,
1391 268 1410 302 1
1894 271 1973 312 225

239 386 340 426 dum
370 383 571 438 populum
601 385 723 425 datus
754 386 826 435 est,
856 384 910 424 ad
946 397 1169 437 personam
1198 382 1369 424 Domini
1407 384 1447 422 et
1477 379 1707 441 Salvatorp’s
1743 380 1876 421 nostri
1911 392 1974 419 re-

239 450 385 501 fertur,
416 464 674 504 consequens
704 449 871 491 videtur
901 451 1014 503 quod
1045 449 1169 490 etiam
1200 451 1337 489 cetera
1368 446 1578 497 animalia,
1606 461 1711 501 quae
1732 446 1798 487 his
1819 445 1976 486 eisdem

240 516 541 571 purificationis
571 516 714 557 usibus
745 518 944 570 deputata
974 519 1083 567 sunt,
1113 515 1262 556 referri
1299 514 1478 554 debeant
1514 513 1706 554 similiter
1733 514 1788 554 ad
1813 510 1974 565 aliquas
1994 522 2051 549 293
2068 523 2183 550 Lomm

239 597 452 638 personas,
483 596 589 636 quae
626 581 928 636 purificationis
971 581 1132 635 aliquid
1173 581 1355 622 humano
1399 580 1541 634 generi
1584 580 1812 620 conferant.
1870 577 1974 618 Vide

195 654 216 689 5
240 662 353 704 ergo,
383 664 434 690 ne
465 648 588 700 forte,
619 649 726 690 sicut
747 648 953 690 Dominus
975 652 1015 689 et-
1037 647 1230 690 Salvator
1249 650 1392 689 noster
1412 647 1545 700 >quasi
1568 659 1702 701 agnus
1729 647 1783 686 ad
1804 644 1975 686 occisio-

238 730 334 758 nem
365 717 532 757 ductus<
562 718 603 757 et
631 716 675 756 in
705 715 956 756 sacrificium
994 715 1138 756 altaris
1175 713 1339 756 oblatus
1377 716 1645 767 peccatorum
1685 712 1977 753 remissionem

237 782 435 824 universo
477 783 689 836 praestitit
730 784 909 834 mundo,
951 783 1009 823 ita
1050 781 1242 823 fortassis
1285 784 1326 821 et
1367 783 1604 822 ceterorum
1646 782 1887 821 sanctorum
1929 791 1976 818 ac

236 849 444 892 iustorum
473 850 673 904 >sanguis,
703 850 777 904 qui
808 848 964 891 effusus
985 852 1047 891 est
1068 863 1092 888 a
1111 848 1314 902 sanguine
1336 846 1444 889 Abel
1464 847 1563 888 iusti
1583 860 1714 900 usque
1736 847 1788 886 ad
1810 845 1977 898 sangui-

237 929 334 957 nem
364 915 588 958 Zachariae
627 917 870 970 prophetae,
911 916 982 970 qui
1023 915 1269 957 interfectus
1311 918 1373 956 est
1411 914 1520 955 inter
1561 915 1707 954 aedem
1740 916 1779 953 et
1819 912 1976 963 altare<,

169 987 215 1024 10
237 982 410 1024 alterius
440 983 611 1037 quidem
642 984 813 1036 sanguis
844 983 951 1024 sicut
979 981 1182 1034 >vitulae<,
1213 981 1386 1023 alterius
1418 981 1525 1022 sicut
1544 980 1681 1022 >hirci<
1705 983 1776 1021 aut
1796 993 1978 1034 ›caprae‹

236 1051 310 1091 aut
339 1048 516 1090 alicuius
547 1049 698 1091 horum
728 1049 846 1090 fusus
877 1052 939 1091 est
969 1051 1023 1090 ad
1055 1049 1309 1102 expiandum
1340 1062 1418 1102 pro
1448 1050 1568 1102 parte
1595 1046 1733 1100 aliqua
1760 1046 1976 1100 populum.

216 1116 218 1118 ’
236 1114 333 1158 Sive
364 1128 465 1169 ergo
486 1115 589 1157 haec
611 1117 664 1156 ad
683 1115 889 1156 iustorum
911 1115 1297 1170 prophetarumque
1316 1129 1530 1168 personas,
1561 1115 1632 1168 qui
1653 1115 1698 1155 in
1719 1115 1799 1154 hoc
1819 1115 1977 1155 mundo

234 1181 418 1237 iugulati
448 1184 559 1233 sunt,
589 1182 656 1223 vel
687 1196 844 1231 eorum,
877 1183 958 1236 qui⁶
979 1183 1141 1223 dicunt:
1178 1181 1400 1235 »quoniam
1429 1183 1604 1236 propter
1623 1184 1663 1222 te
1692 1184 1825 1223 morte
1847 1181 1978 1222 affici-

237 1263 331 1290 mur
357 1251 446 1290 tota
475 1249 555 1299 die,
586 1249 797 1290 aestimati
827 1263 970 1290 sumus
1002 1251 1046 1289 ut
1077 1263 1175 1290 oves
1206 1248 1468 1298 occisionis«,
1499 1248 1721 1289 referenda
1741 1248 1976 1299 videantur,

169 1323 212 1358 15
237 1315 324 1357 sive
357 1315 484 1356 etiam
515 1317 569 1356 ad
611 1315 848 1369 superiores
888 1316 1078 1366 virtutes,
1121 1315 1274 1369 quibus
1316 1315 1557 1369 procuratio
1600 1315 1772 1356 humani
1813 1315 1978 1369 generis

237 1383 337 1423 data
366 1384 441 1433 est,
473 1382 567 1436 quis
598 1381 722 1423 facile
754 1383 904 1424 audeat
935 1381 1176 1423 affirmare?
1235 1380 1383 1435 Neque
1415 1381 1524 1423 enim
1554 1382 1657 1423 haec
1687 1381 1884 1423 animalia
1905 1396 1980 1436 per

236 1447 432 1501 speciem,
476 1450 547 1489 sed
579 1462 654 1502 per
683 1448 863 1502 figuram
893 1448 1043 1490 referri
1073 1450 1128 1489 ad
1157 1447 1275 1489 illam
1305 1447 1372 1489 vel
1400 1447 1516 1489 illam
1538 1462 1761 1502 personam
1791 1450 1978 1502 putanda

237 1517 344 1556 sunt.
404 1513 514 1556 Nam
558 1518 599 1556 et
638 1515 726 1570 ipse
757 1515 964 1556 Dominus
994 1514 1110 1556 lesus
1141 1513 1331 1556 Christus
1372 1529 1458 1556 non
1497 1515 1592 1557 ideo
1616 1527 1782 1569 >agnus<
1811 1515 1977 1566 dicitur,

237 1581 355 1635 quasi
387 1581 458 1635 qui
488 1584 674 1622 mutatus
715 1581 768 1622 sit
809 1584 850 1623 et
885 1594 1112 1623 conversus
1153 1582 1197 1622 in
1237 1581 1418 1634 speciem
1461 1581 1572 1635 agni.
1630 1581 1799 1623 Dicitur
1836 1584 1976 1623 tamen

168 1652 214 1688 20
235 1659 412 1701 >agnus<‚
444 1647 542 1702 quia
574 1647 768 1689 voluntas
800 1650 840 1688 et
870 1648 1035 1688 bonitas
1066 1648 1166 1698 eius,
1197 1661 1279 1701 qua
1310 1646 1446 1688 Deum
1476 1648 1768 1701 repropitiavit
1799 1648 1977 1690 homini-

236 1713 314 1755 bus
355 1715 396 1756 et
437 1717 705 1768 peccatorum
746 1713 1055 1768 indulgentiam
1098 1714 1225 1764 dedit,
1267 1713 1364 1754 talis
1406 1714 1565 1754 exstitit
1608 1709 1791 1755 humano
1833 1717 1978 1769 generi

236 1780 354 1834 quasi
383 1780 512 1834 >agni<
531 1780 669 1821 hostia
688 1779 960 1822 immaculata
982 1783 1022 1821 et
1040 1780 1255 1831 innocens,
1287 1794 1369 1834 qua
1394 1779 1553 1834 placari
1574 1780 1814 1822 hominibus
1836 1782 1978 1823 divina

235 1847 472 1888 creduntur.
531 1845 599 1888 Sic
640 1859 740 1902 ergo
772 1847 965 1888 fortassis
1002 1850 1042 1888 et
1084 1847 1118 1888 si
1159 1847 1229 1900 qui
1261 1849 1323 1888 est
1363 1846 1608 1900 angelorum
1652 1847 1977 1903 coelestiumque

236 1913 441 1955 virtutum
472 1916 545 1954 aut
574 1913 609 1954 si
639 1913 731 1966 quis
761 1913 967 1955 iustorum
999 1913 1216 1955 hominum
1246 1912 1314 1954 vel
1345 1912 1471 1954 etiam
1492 1916 1733 1955 sanctorum
1754 1915 1977 1968 propheta-

167 1988 212 2023 25
235 1993 329 2020 rum
359 1981 484 2033 atque
516 1979 831 2033 Apostolorum,
863 1980 935 2033 qui
967 1980 1127 2021 enixius
1156 1979 1408 2020 interveniat
1437 1994 1514 2033 pro
1545 1980 1726 2033 peccatis
1747 1981 1978 2032 hominum,

235 2045 303 2088 hic
334 2059 411 2100 pro
454 2046 802 2100 repropitiatione
842 2047 985 2087 divina
1025 2046 1141 2088 velut
1179 2047 1319 2087 >aries<
1359 2048 1432 2087 aut
1470 2045 1657 2087 >vitulus<
1698 2049 1768 2088 aut
1808 2047 1980 2089 >hircus<

235 2111 402 2154 oblatus
433 2126 522 2154 esse
553 2112 804 2155 sacrificium
836 2114 889 2155 ob
925 2113 1260 2167 purificationem
1297 2112 1453 2167 populo
1494 2114 1803 2167 impetrandam
1847 2115 1980 2169 accipi

235 2181 386 2233 potest.
442 2181 529 2220 Aut
557 2194 643 2221 non
673 2181 840 2221 videtur
868 2182 915 2221 ut
941 2180 1082 2221 >aries<
1122 2183 1194 2221 aut
1228 2180 1402 2221 >hircus<
1441 2178 1732 2221 holocaustum
1773 2194 1816 2222 se
1859 2182 1979 2223 obtu-

235 2243 332 2287 lisse
362 2243 518 2286 Paulus
549 2260 625 2300 pro
666 2245 823 2300 populo
854 2245 1045 2299 Istrahel,
1087 2261 1182 2288 cum
1225 2246 1407 2288 dicebat:
1453 2246 1676 2300 »optabam
1718 2250 1858 2289 autem
1901 2260 1978 2302 ego

166 2317 212 2352 30
237 2311 327 2366 ipse
357 2312 583 2353 anathema
614 2327 703 2354 esse
735 2328 758 2353 a
789 2311 957 2355 Christo
987 2327 1064 2367 pro
1094 2313 1296 2354 fratribus
1327 2313 1442 2364 meis,
1474 2314 1546 2367 qui
1575 2316 1672 2354 sunt
1701 2315 1870 2370 cognati
1897 2315 1980 2356 mei

235 2379 467 2420 secundum
497 2382 722 2421 carnemae?
781 2379 853 2421 Vis
884 2383 1022 2422 autem
1054 2380 1159 2422 seire
1201 2380 1299 2434 quia
1335 2394 1377 2420 se
1419 2380 1601 2421 hostiam
1632 2378 1787 2422 Paulus
1830 2380 1980 2436 offerat

350 2552 372 2587 5
398 2551 476 2596 vgl.
502 2553 585 2586 Act.
610 2552 642 2595 8,
666 2552 710 2586 32
745 2573 788 2578 —
825 2553 846 2588 8
874 2553 949 2598 vgl.
974 2553 1106 2588 Matth.
1132 2554 1186 2595 23,
1211 2554 1254 2589 35
1290 2573 1332 2578 —
1367 2554 1416 2589 13
1443 2554 1501 2588 Ps.
1525 2555 1570 2589 43
1587 2553 1668 2598 (44),
1687 2554 1730 2589 23
1754 2575 1798 2579 —
1824 2556 1874 2591 22
1902 2556 1979 2601 vgl.

236 2617 363 2654 IPetr.
391 2619 421 2662 1,
448 2620 490 2654 19
512 2639 557 2645 -
583 2620 633 2656 25
660 2620 736 2665 vgl.
760 2621 857 2656 hom.
880 2621 934 2664 26,
951 2621 989 2656 6:
1014 2620 1096 2666 quis
1121 2621 1220 2655 enim
1244 2621 1395 2656 dubitat
1419 2621 1517 2666 quod
1533 2621 1807 2667 sanetibquique
1831 2625 1978 2668 patrum

237 2686 275 2720 et
299 2686 531 2721 orationibus
555 2698 622 2722 nos
645 2687 777 2722 iuvent
799 2689 876 2723 und
901 2688 961 2724 die
985 2689 1070 2724 dort
1095 2689 1341 2734 angefiihrten
1367 2688 1576 2724 Parallelen
1612 2709 1654 2714 —
1693 2690 1744 2725 29
1771 2690 1874 2725 Rom.
1900 2692 1931 2734 9,
1958 2692 1979 2726 3

349 2843 373 2878 3
399 2842 571 2878 similiter
588 2850 629 2884 -†-
647 2846 684 2879 et
705 2844 735 2878 C
804 2847 854 2881 13
879 2847 998 2881 morte
1015 2853 1058 2884 <
1080 2845 1109 2880 Ο
1123 2846 1232 2881 morti
1252 2846 1318 2880 abr
1334 2846 1613 2890 (mortificamur
1630 2847 1755 2893 Vulg.)
1830 2849 1879 2884 14
1897 2850 1978 2884 tota

2001 1724 2056 1750 ‘294
2072 1724 2192 1752 Lomm.

236 2910 296 2945 die
320 2916 363 2947 <
387 2911 421 2942 B
521 2911 571 2946 16
597 2912 660 2956 qui
684 2914 717 2946 A
814 2915 863 2948 19
890 2914 1008 2959 specie
1038 2912 1066 2947 G
1164 2915 1213 2949 ‘21
1241 2913 1370 2948 taliter
1394 2915 1426 2947 A
1494 2919 1500 2957 Ι
1566 2915 1693 2950 existit
1721 2916 1750 2949 C
1841 2917 1892 2952 24
1918 2917 1978 2951 vel
2040 2949 2049 2963 ,

237 2977 344 3012 —25
368 2976 558 3012 hominum
582 2986 626 3017 <
650 2980 684 3013 D
754 2981 805 3016 25
831 2983 942 3026 atque
966 2981 1227 3028 Apostolorum
1252 2988 1295 3019 <
1318 2982 1351 3014 A
1436 2982 1487 3017 :29
1513 2983 1647 3027 autem]
1674 2985 1712 3017 et
1735 2983 1768 3016 B
1837 2985 1889 3020 30
1914 2984 1978 3028 qui

237 3071 244 3078 .
262 3072 270 3080 .
288 3071 296 3080 .
321 3044 395 3078 mei
419 3051 462 3081 <
491 3043 520 3078 C
560 3045 566 3090 Ι
608 3046 681 3081 mei
705 3053 748 3085 <
773 3049 838 3082 Au·
931 3050 980 3085 31
1007 3063 1053 3081 ω
1077 3049 1238 3085 hostiam
1264 3060 1301 3084 se
1330 3047 1359 3082 C

299 3103 495 3134 origenes
515 3103 585 3131 VII.
1645 3107 1688 3140 15
