2341 3382
757 117 796 151 in
822 117 900 151 Lib.
926 117 1008 151 Iesu
1031 116 1135 151 Nave
1158 116 1323 153 Homilia
1346 116 1423 158 XX,
1449 117 1467 150 1
1905 120 1983 158 417

247 231 427 274 libenter
455 233 496 273 et
525 233 643 285 grate
675 229 896 283 accipiunt,
927 230 961 270 si
991 243 1154 283 semper
1181 230 1310 271 verba
1329 228 1568 283 Scripturae
1597 232 1638 270 et
1663 229 1811 270 horum
1847 226 1982 268 nomi-

248 313 349 339 num
379 296 679 352 appellationes
708 295 823 337 velut
853 296 1043 336 carmina
1072 297 1278 349 quaedam
1309 299 1350 336 et
1370 295 1729 349 praecantationes
1761 308 1809 334 ex
1838 295 1980 334 nostro
2003 304 2054 328 1÷2
2077 301 2197 328 Lomm.

248 378 319 406 ore
349 377 602 419 promamus.
660 361 767 411 Quia
798 363 875 402 etsi
905 375 979 403 nos
1021 375 1105 402 non
1140 361 1427 413 intelligimus,
1470 376 1576 414 quae
1613 363 1663 401 de
1705 375 1776 402 ore
1807 359 1983 414 proferi-

244 445 348 482 mus,
376 429 475 471 illae
505 431 646 469 tamen
677 428 863 478 virtutes,
895 442 1000 481 quae
1031 428 1153 469 nobis
1183 429 1347 478 adsunt,
1390 427 1630 481 intelligunt
1671 430 1711 467 et
1741 425 1855 467 velut
1885 439 1983 483 ‚car-

201 503 222 537 5
247 497 358 538 mine
401 497 583 550 quodam
627 495 828 535 invitatae
871 496 1016 536 adesse
1067 493 1186 536 nobis
1234 497 1275 534 et
1315 493 1424 534 ferre
1473 493 1673 534 auxilium
1715 492 1983 533 delectantur.

245 562 351 612 Quia
381 564 515 604 autem
545 562 628 603 sint
657 575 742 602 non
773 561 907 602 solum
939 561 1047 602 circa
1078 574 1153 601 nos
1182 560 1334 601 multae
1357 559 1523 601 divinae
1546 561 1732 610 virtutes,
1764 560 1836 599 sed
1859 559 1983 599 etiam

244 630 356 670 intra
384 642 473 679 nos,
504 628 664 669 indicat
694 628 912 681 propheta,
943 641 1034 668 cum
1065 627 1170 668 dicit
1197 627 1241 667 in
1270 626 1460 680 psalmis:
1496 626 1694 667 »benedic
1726 626 1864 666 anima
1891 638 1983 665 mea

243 694 482 747 Dominum,
513 697 554 735 et
584 695 723 737 omnia
754 694 955 736 interiora
985 708 1078 734 mea
1098 707 1250 734 nomen
1272 696 1461 734 sanctum
1484 694 1610 744 eius«,
1642 693 1720 734 hoc
1747 696 1808 734 est
1829 692 1979 742 omnia,

243 775 351 816 quae
380 763 491 803 intra
521 775 586 802 me
618 764 725 803 sunt.
783 759 959 802 Constat
991 773 1091 814 ergo
1122 759 1274 801 multas
1305 774 1393 801 esse
1424 761 1598 801 virtutes
1633 761 1743 800 intra
1773 774 1861 810 nos,
1893 759 1983 813 qui-
2021 778 2035 794 ι·

177 835 220 871 10
242 827 320 870 bus
350 827 421 869 vel·
448 828 682 869 animarum
713 829 952 869 nostrarum
982 825 1049 868 vel
1078 840 1301 880 corporum
1332 840 1431 867 cura
1451 827 1652 879 permissa
1674 829 1747 877 est,
1778 840 1884 880 quae
1905 827 1982 866 uti-

242 908 337 948 que,
368 895 403 936 si
423 898 591 935 sanctae
613 895 722 945 sunt,
752 907 846 935 cum
868 894 1098 946 scripturae
1119 892 1318 947 leguntur
1337 908 1360 933 a
1381 893 1512 943 nobis,
1542 892 1802 934 delectantur
1822 895 1863 933 et
1882 891 1984 934 vali—

242 961 381 1004 diores
412 973 513 1015 erga
542 962 674 1003 nostri
695 960 957 1014 diligentiam
978 959 1096 1009 fiunt,
1127 958 1225 1001 licet
1243 974 1403 1000 >sensus
1433 962 1574 1001 noster
1603 959 1691 1000 sine
1721 959 1859 1000 fructu
1895 959 1981 1007 sit<;

242 1028 351 1069 sicut
381 1030 421 1068 et
450 1026 554 1068 illud
586 1027 789 1080 scriptum
821 1028 898 1067 est:
935 1027 994 1066 »si
1023 1025 1178 1079 linguis
1207 1025 1431 1078 loquamur
1460 1028 1499 1066 et
1520 1026 1689 1079 spiritus
1721 1028 1862 1066 noster
1881 1028 1982 1076 oret⁷

243 1108 390 1136 sensus
421 1096 560 1134 autem
588 1096 731 1134 noster
758 1094 846 1134 sine
876 1093 1015 1133 fructu
1044 1093 1135 1133 sit«.
1194 1091 1310 1132 Dixit
1339 1093 1448 1134 enim
1486 1095 1526 1133 et
1561 1092 1639 1133 hoc
1674 1094 1841 1132 sanctus
1872 1092 1983 1145 Apo-

173 1165 217 1200 15
242 1160 372 1202 stolus
403 1163 443 1201 et
473 1160 627 1201 mirum
658 1161 970 1213 quodammodo
1000 1160 1243 1212 mysterium
1285 1158 1476 1200 humanis
1520 1159 1688 1199 auribus
1718 1157 1894 1212 protulit
1923 1158 1983 1198 di-

243 1240 340 1268 cens
371 1226 598 1280 aliquando
628 1225 721 1267 fieri
751 1240 886 1279 posse,
919 1228 966 1265 ut
994 1226 1193 1279 >spii-itus,
1226 1226 1297 1278 qui
1326 1226 1369 1265 in
1398 1224 1518 1266 nobis
1550 1229 1620 1274 est,
1652 1226 1742 1266 oret
1775 1227 1814 1265 et
1841 1238 1983 1266 sensus

240 1296 384 1334 noster
412 1292 500 1334 sine
531 1292 670 1334 fructu
701 1293 782 1334 sitx.
839 1290 1033 1345 Intellige
1066 1306 1166 1346 ergo
1198 1305 1247 1332 ex
1277 1291 1357 1333 hoc
1378 1292 1475 1344 quia
1496 1290 1543 1332 fit
1565 1291 1790 1344 aliquando
1811 1294 1985 1332 >noster<

241 1360 411 1414 quidem
440 1373 601 1400 >sensus
632 1360 719 1400 31118
751 1359 917 1409 fructu<‚
948 1358 1150 1412 >spirituS<
1179 1361 1324 1408 autem,
1354 1359 1398 1398 id
1429 1360 1490 1398 est
1515 1358 1688 1413 virtutes
1727 1357 1836 1407 illae,
1877 1372 1982 1411 quae

241 1427 404 1468 animae
435 1428 602 1467 nostrae
632 1426 675 1465 in
707 1425 958 1466 adiutorium
989 1427 1109 1465 datae
1152 1428 1260 1475 sunt,
1301 1427 1527 1477 pascuntur
1569 1427 1609 1465 et
1648 1423 1893 1465 reficiuntur
1933 1438 1982 1464 ex

169 1495 214 1531 20
241 1493 386 1534 auditu
417 1493 648 1546 scripturae
680 1493 863 1541 sanctae,
895 1490 1010 1532 velut
1041 1505 1090 1531 ex
1120 1492 1272 1532 divinis
1304 1493 1344 1531 et
1372 1490 1687 1532 rationabilibus
1718 1490 1830 1531 cibis.
1874 1489 1981 1538 Quid

238 1560 332 1601 dico
363 1560 462 1612 quia
491 1559 657 1599 divinae
687 1559 862 1599 virtutes
892 1560 1119 1612 pascantur
1149 1562 1189 1598 et
1219 1556 1439 1611 epulentur
1467 1557 1509 1597 in
1531 1557 1662 1607 nobis,
1694 1558 1727 1597 si
1747 1571 1823 1598 nos
1846 1556 1972 1597 verba

235 1679 405 1730 ἐκείνας
445 1676 527 1730 τὰς
568 1674 773 1733 δυνάμεις
805 1674 994 1727 voni-0023
1026 1674 1081 1720 τὰ
1112 1673 1326 1732 λεγόμενα
1356 1677 1672 1730 δυνατωτέρας
1701 1676 1749 1719 ἐν
1780 1670 1883 1731 ἡμῖν
1912 1678 1971 1730 γί-

235 1750 392 1789 νεσθαι
433 1742 548 1800 πρὸς
591 1741 644 1787 τὸ
689 1754 916 1798 συνεργεῖν
952 1746 1018 1798 τῷ
1052 1739 1251 1799 'jastium
1283 1745 1380 1798 βίῳ.
1428 1736 1525 1785 Ὀτι
1555 1739 1637 1797 γὰο
1669 1742 1761 1786 ἔστι
1792 1739 1892 1785 τινὰ
1924 1741 1972 1784 ἐν

236 1807 341 1866 ἡμῖν
371 1805 540 1865 ἀόρατα
569 1814 643 1854 καὶ
664 1807 814 1853 πολλά
836 1827 881 1864 γε
903 1811 1058 1853 ταῦτα
1090 1808 1283 1864 δηλώσει
1314 1803 1337 1851 ὁ
1360 1807 1504 1851 ὲίπών
1532 1804 1726 1863 Ψαλμός·
1761 1803 1972 1861 »Ευλόγει

165 1887 210 1923 25
235 1872 262 1932 ἦ
294 1873 410 1933 ψυχή
441 1894 527 1933 μου
557 1873 641 1920 τὸν
673 1873 853 1930 Κύριον
887 1879 958 1919 καὶ
989 1872 1142 1919 πάντα
1175 1873 1230 1918 τὰ
1260 1871 1390 1925 ἐντός
1419 1891 1505 1930 μου
1527 1872 1579 1918 τὸ
1603 1868 1745 1930 ὄνομα
1767 1871 1819 1917 τὸ
1844 1867 1971 1929 ἅγιον

234 1939 414 1988 αυτοῦι.
465 1938 616 1987 ’Ἐστιν
647 1944 729 1986 οὐν
755 1937 935 1998 πλῆθός
957 1960 999 1985 τι
1021 1943 1068 1985 ἐν
1090 1937 1193 1997 ἡμῖν
1213 1938 1442 1996 δυνάαεων
1463 1942 1822 1997 κεκληρωμένων
1843 1936 1971 1996 ἡμῶν

234 2007 314 2060 τὰς
344 2007 489 2064 ψυχὰς
518 2013 590 2053 καὶ
621 2007 677 2053 τὰ
708 2007 910 2064 σώματα·
944 2009 1120 2060 αι’τινες,
1153 2005 1230 2052 ἐὰν
1262 2000 1371 2051 ὦσιν
1403 2000 1534 2082 α’γιαι,
1566 2009 1646 2062 τῆς
1675 2008 1847 2061 γραφῆς
1868 2003 1970 2050 ἄνα-

233 2078 566 2132 γινωσκομένης
610 2072 897 2128 ὠφελοῦνται
938 2078 1010 2118 καὶ
1052 2078 1255 2130 γίνονται
1297 2068 1593 2128 ἰσχυρότεραι,
1641 2089 1726 2116 καν
1770 2092 1810 2116 >o
1854 2075 1972 2124 νοῦς<

233 2137 362 2199 ἡμῶν
389 2140 607 2198 >ἄκαοπος
637 2142 693 2197 ἠ<,
736 2138 799 2193 οἷς
829 2143 1074 2197 γέγραπται
1104 2145 1203 2196 περὶ
1233 2142 1330 2183 >τοῦ
1360 2138 1537 2195 γλώσσῃ
1574 2142 1847 2189 λαλοῦντος-ς
1880 2132 1970 2183 ὅτι·

163 2217 209 2253 30
235 2206 313 2253 »τὸ
355 2205 529 2265 πνεῦμά
568 2225 655 2264 μου
696 2205 1008 2263 ποοσεύχεται,
1052 2202 1075 2250 ὁ
1113 2208 1159 2250 δὲ
1192 2209 1296 2257 νοῦς
1324 2222 1410 2261 nov
1440 2202 1639 2260 ἄκαρπός
1670 2206 1801 2249 §.otte
1859 2203 1970 2251 Νόει

351 2366 386 2402 7.
412 2365 463 2400 24
488 2365 545 2400 ΡΒ.
571 2364 636 2399 102
655 2365 759 2408 (103),
785 2367 801 2399 1
828 2384 872 2388 —
900 2365 965 2400 13.
992 2363 1071 2398 ‘291’
1094 2363 1209 2398 [Kor.
1235 2363 1288 2404 14,
1315 2363 1357 2397 14

345 2498 370 2533 4
395 2497 584 2532 adsistunt
599 2497 700 2533 BGD
793 2500 816 2532 6
842 2498 942 2542 quia]
963 2498 1060 2542 quod
1081 2497 1150 2530 AF
1187 2498 1192 2540 1
1236 2498 1322 2531 sunt
1339 2496 1448 2538 DEP,
1464 2496 1542 2530 Alci.
1556 2496 1630 2530 Del.
1674 2496 1679 2539 1
1722 2496 1862 2531 multae
1879 2503 1921 2534 <
1940 2497 1975 2530 F

232 2565 256 2599 9
281 2577 327 2595 exa
351 2574 429 2598 esse
453 2564 590 2600 multas
619 2565 726 2599 EFbv
780 2565 786 2609 1
840 2578 886 2596 Ν
910 2565 1046 2599 multas
1072 2574 1149 2599 esse
1174 2563 1332 2598 virtutes
1354 2575 1396 2606 ,qe
1420 2576 1466 2594 ω
1491 2563 1626 2598 multas
1650 2563 1808 2598 virtutes
1833 2575 1910 2598 esse
1937 2565 1969 2598 I)

235 2633 286 2667 10
310 2644 357 2662 ω
380 2632 578 2667 commissa
602 2634 658 2668 est
675 2644 764 2668 cura
784 2633 814 2669 Ο
861 2635 908 2668 11
937 2644 958 2667 a
976 2639 1017 2669 <
1039 2632 1068 2668 G
1116 2632 1164 2667 12
1191 2631 1291 2675 licet]
1318 2630 1347 2664 si
1371 2629 1511 2675 linguis
1536 2630 1732 2674 loquamur
1756 2632 1793 2665 et
1818 2631 1967 2676 spiritus

232 2699 359 2734 noster
383 2699 463 2733 oret
483 2699 520 2741 P,
536 2700 614 2735 Αἶά.
628 2700 714 2743 Dd„
739 2700 845 2735 nicht
866 2699 1015 2744 richtig,
1041 2699 1114 2744 vgl.
1132 2699 1271 2734 Philoc.
1338 2699 1342 2742 Ι
1409 2708 1535 2732 sensus
1549 2703 1590 2739 -4-
1605 2699 1728 2734 autem
1750 2698 1785 2740 Ι),
1803 2698 1879 2732 Alrl.
1896 2698 1967 2732 Del.

234 2766 284 2801 13
310 2765 462 2800 sicut—
478 2766 528 2802 14
554 2767 604 2802 sit
627 2775 670 2805 <
697 2768 736 2811 Ι),
751 2768 915 2804 Ald.l)e‘.
942 2767 1016 2813 vgl.
1035 2767 1173 2802 Philoc.
1247 2767 1295 2802 1ss
1321 2766 1359 2800 et
1382 2773 1425 2803 <
1449 2766 1481 2798 Α
1527 2766 1531 2808 l
1575 2776 1701 2800 sensus
1726 2771 1766 2806 4-
1793 2766 1916 2800 autem
1933 2766 1964 2798 A

219 2829 282 2869 ‘17
310 2832 530 2878 intellegere
556 2835 587 2867 A
642 2835 649 2878 1
703 2845 790 2880 ergo
816 2841 857 2876 -1-
883 2837 921 2870 et
945 2836 1015 2870 hoc
1039 2836 1071 2869 A
1116 2836 1119 2877 !
1164 2834 1220 2878 ex]
1249 2834 1286 2868 et
1311 2832 1378 2866 ΠΕ
1481 2833 1531 2868 21
1558 2834 1757 2877 pascuntur
1782 2832 1911 2865 Alffln
1959 2836 1962 2875 1

231 2901 431 2946 epulantur
456 2899 523 2934 AB
615 2902 666 2936 26
689 2903 978 2947 κεκληρωμένον
1002 2902 1035 2935 Β

307 2959 494 2990 origenes
515 2959 586 2986 vn.
1504 2990 1506 2992 v
1643 2957 1685 2990 27
