2373 3522
378 226 454 266 186
1011 245 1013 247 ·
1153 221 1330 267 Origenes

374 334 560 387 nequitia
591 349 688 374 usus
719 334 771 374 sit
795 333 967 374 Balaam
990 337 1030 374 et
1061 334 1284 376 consilium
1307 335 1470 376 dederit
1490 335 1595 388 regi,
1625 334 1725 376 talia
1747 336 1953 388 quaedam
1974 334 2118 375 dicens

374 402 426 440 ad
458 415 570 441 eum:
602 399 783 453 populus
813 400 882 440 hic
912 415 997 442 non
1027 401 1210 454 propriis
1240 400 1413 452 viribus,
1444 403 1518 442 sed
1546 401 1681 442 Deum
1713 400 1888 443 colendo
1918 400 2049 441 vincit
2078 403 2120 442 et

374 466 619 519 pudicitiam
651 469 948 508 conservando.
1008 465 1052 508 Si
1083 467 1145 507 vis
1177 481 1269 507 eum
1301 467 1481 518 vincere,
1523 468 1660 521 primo
1699 482 1843 509 eorum
1873 467 2118 521 pudicitiam

374 532 502 584 deice,
535 535 574 573 et
605 535 751 586 sponte
779 534 1012 575 vincentur.
1049 532 1130 574 Sed
1153 535 1376 574 adversum
1406 534 1510 575 haec
1538 548 1622 574 non
1642 535 1796 576 virtute
1816 534 2014 585 militum,
2045 535 2118 575 sed

329 604 348 637 5
373 599 596 641 mulierum
638 602 787 641 decore
829 602 1103 654 pugnandum
1136 603 1211 651 est,
1242 615 1320 641 nec
1350 604 1607 643 armatorum
1640 602 1794 655 rigore,
1837 603 1910 642 sed
1940 600 2117 642 mollitie

372 666 635 708 feminarum.
694 666 846 708 Procul
890 667 987 708 hinc
1028 667 1176 721 procul
1206 682 1353 709 amove
1385 670 1642 709 armatorum
1674 682 1846 709 manum
1873 671 1912 708 et
1943 666 2117 709 electam

373 745 584 787 congrega
614 734 796 787 speciem
826 733 1074 787 puellarum,
1119 733 1312 775 ludentes
1353 734 1530 788 pedibus
1570 734 1668 776 ea'nt
1695 735 1970 788 manibusque
2001 733 2118 788 plau-

371 800 535 848 dentes;
568 800 706 841 forma
736 800 868 841 vincit
889 803 1085 851 armatos,
1116 800 1278 841 ferrum
1298 799 1569 854 pulchritudo
1592 800 1790 854 captivat,
1822 801 2044 842 vincentur
2063 802 2118 842 ad

371 866 566 919 speciem,
609 866 681 920 qui
722 881 806 908 non
847 867 1075 907 vincuntur
1117 868 1170 907 ad
1211 865 1430 920 proelium.
1491 867 1646 908 Verum
1687 867 1758 908 ubi
1800 867 2006 908 senserint
2047 881 2117 909 eos

304 937 346 972 lO
371 931 565 974 mulieres
585 933 798 974 Moabitae
829 948 977 974 manus
1008 935 1171 974 dedisse
1202 933 1366 974 libidini
1398 936 1438 974 et
1468 937 1641 987 peccato
1672 933 1894 975 inclinasse
1922 934 2117 985 cervices,

301 1275 345 1309 15

299 1605 343 1639 20

299 1941 343 1975 25

370 1013 455 1039 non
485 999 599 1052 prius
622 1002 753 1041 semet
773 1000 884 1053 ipsas
905 999 1172 1054 cupientibus
1193 1000 1423 1054 praebeant
1450 1014 1575 1053 quam
1597 1002 1648 1041 de
1669 1000 1885 1041 sacrificiis
1906 1000 2116 1042 idolorum

370 1066 656 1118 acquieverint
686 1068 930 1120 degustare,
973 1069 1019 1107 ut
1049 1070 1225 1120 cogente
1255 1066 1431 1108 libidine
1461 1066 1643 1108 consiliis
1674 1067 1967 1121 obtemperent
1996 1068 2116 1108 femi-

370 1146 519 1173 narum
551 1136 591 1173 et
621 1136 918 1174 consecrentur
947 1133 1064 1187 prius
1095 1133 1374 1187 Beelphegor,
1406 1135 1521 1187 quod
1552 1136 1613 1174 est
1641 1132 1802 1175 idolum
1831 1133 2116 1187 turpitudinis.

369 1197 485 1239 Haec
526 1199 696 1240 fuerunt
739 1200 911 1241 consilia
941 1199 1135 1249 Balaam3
1179 1200 1330 1254 quibus
1367 1200 1548 1254 acceptis
1578 1214 1652 1241 rex
1682 1199 1840 1241 Balach
1870 1202 1992 1254 parat
2020 1214 2117 1242 con—

369 1265 488 1307 tinuo
532 1267 761 1307 exercitum
802 1280 887 1307 non
928 1266 1056 1307 armis
1086 1266 1298 1317 virilibus,
1341 1268 1414 1307 sed
1444 1266 1626 1307 femineo
1657 1267 1793 1307 nitore
1824 1267 2116 1320 compositum,

369 1346 453 1372 non
496 1333 637 1374 furore
680 1332 843 1383 bellico,
887 1335 961 1374 sed
990 1332 1177 1374 libidinis
1211 1333 1383 1374 flamma
1413 1347 1669 1375 succensum.
1728 1331 1902 1374 Nullam
1931 1333 2118 1374 refrenat

369 1400 518 1451 pudor,
551 1399 710 1440 nullam
740 1400 938 1453 prohibet
967 1400 1235 1442 verecundia.
1284 1402 1417 1441 Amor
1446 1401 1606 1453 patriae
1629 1403 1670 1440 et
1690 1400 1838 1440 vitium
1861 1399 1998 1453 gentis
2019 1413 2115 1441 con-

369 1466 529 1518 spirant
557 1466 716 1519 pariter
745 1467 788 1507 in
817 1466 1035 1508 lasciviam
1067 1469 1108 1507 et
1137 1469 1191 1507 ad
1221 1467 1517 1520 decipiendum
1537 1467 1672 1520 proba
1694 1466 1834 1508 existit
1853 1466 2114 1520 improbitas.

369 1531 452 1573 Pro
483 1532 615 1584 nefas,
647 1533 717 1574 vix
747 1533 969 1574 cohibetur
998 1532 1130 1574 libido
1161 1532 1304 1587 legum
1334 1533 1470 1584 minis,
1502 1534 1570 1574 vix
1593 1532 1722 1586 gladii
1743 1536 1903 1574 terrore
1925 1532 2115 1587 reprimi—

367 1602 453 1641 tur!
495 1599 604 1649 Quid
634 1599 801 1642 sceleris
831 1615 917 1641 non
946 1603 1173 1654 perpetret,
1203 1600 1276 1641 ubi
1306 1600 1492 1641 facinore
1523 1615 1598 1641 suo
1628 1599 1880 1653 placituram
1901 1615 1945 1641 se
1965 1599 2116 1641 mulier

367 1666 458 1721 regi
500 1667 632 1708 credit
674 1670 715 1708 et
751 1667 929 1708 salutem
959 1667 1120 1720 patriae
1152 1667 1466 1720 quaesituram?
1526 1665 1801 1720 Captivantur
1830 1679 1931 1719 ergo
1961 1665 2114 1708 Istrae-

367 1733 466 1774 litae
509 1749 592 1775 non
633 1734 760 1785 ferro,
802 1735 877 1774 sed
918 1733 1032 1785 luxu,
1074 1747 1151 1774 nec
1193 1733 1361 1785 virtute,
1404 1735 1476 1774 sed
1507 1732 1679 1774 libidine
1710 1736 1751 1774 et
1780 1733 2043 1774 fornicantur
2071 1733 2111 1773 in

368 1799 563 1841 mulieres
583 1800 850 1851 Madianitas,
883 1803 923 1841 et
952 1800 1014 1841 ira
1035 1800 1113 1841 Dei
1141 1801 1324 1854 insurgit
1353 1813 1478 1853 super
1508 1814 1591 1841 eos.
1642 1798 1749 1841 Sunt
1779 1800 1948 1852 quidem
1977 1799 2021 1840 in
2049 1799 2114 1840 his

369 1869 409 1907 et
438 1867 614 1920 mystica
645 1869 851 1920 quaedam
872 1870 997 1920 atque
1018 1867 1229 1908 interioris
1250 1866 1554 1920 intelligentiae
1577 1869 1756 1916 secreta3
1788 1868 1862 1907 sed
1881 1880 1957 1908 nos
1976 1866 2113 1920 primo

369 1934 456 1988 ipse
499 1933 699 1975 historiae
741 1936 879 1974 textus
923 1933 1116 1974 aedificet
1158 1936 1198 1975 et
1234 1934 1443 1975 discamus
1474 1948 1524 1974 ex
1553 1933 1634 1974 hoc
1663 1933 1862 1987 quoniam
1893 1934 2115 1974 adversum

368 2015 444 2042 nos
485 1999 640 2041 militat
680 2000 916 2052 fornicatio,
959 2002 1183 2042 adversum
1219 2014 1296 2041 nos
1325 1999 1562 2041 iaculantur
1590 1999 1674 2041 tela
1705 1999 1907 2041 luxuriae.
1966 1998 2049 2041 Sed
2079 1999 2114 2040 si

369 2068 491 2108 nobis
521 2081 606 2108 non
639 2067 777 2108 desint
807 2081 937 2118 arma,
969 2068 1217 2121 quibus-nos
1239 2067 1394 2108 armari
1412 2067 1529 2108 iubet
1548 2066 1788 2120 Apostolus,
1817 2065 1953 2107 iacula
1972 2066 2115 2107 huius-

369 2135 482 2175 modi
514 2149 589 2175 nos
620 2135 832 2175 terebrare
863 2149 949 2176 non
978 2137 1189 2188 poterunt,
1222 2133 1256 2174 si
1277 2134 1329 2175 sit
1349 2134 1471 2175 nobis
1491 2133 1638 2175 >lorica
1663 2133 1876 2184 iustitiae<,
1907 2133 1941 2174 si
1962 2132 2114 2174 habea-

370 2216 461 2242 mus
490 2200 671 2255 >galeam
701 2199 895 2242 salutaris
927 2203 967 2241 et
997 2200 1186 2254 gladium
1216 2200 1403 2254 spiritus<
1433 2203 1473 2241 et
1493 2213 1619 2254 super
1640 2199 1780 2242 omnia
1798 2203 1980 2241 >scutum
2000 2198 2115 2240 fidei<

301 2270 346 2305 30
371 2270 410 2308 et
438 2266 619 2308 >calciati
651 2267 780 2308 simus
800 2269 927 2321 pedes
948 2268 991 2307 in
1011 2267 1329 2320 praeparatione
1351 2266 1560 2322 evangelii
1581 2265 1720 2320 pacis<.
1760 2264 1847 2307 Ista
1868 2267 1965 2307 sunt
1984 2280 2113 2317 arma,

485 2445 506 2479 2
545 2445 583 2478 in
619 2443 813 2478 derselben
837 2444 961 2478 Weise
987 2444 1139 2479 Balaam
1176 2445 1315 2478 redend
1351 2443 1563 2488 eingeffihrt
1597 2442 1659 2477 bei
1695 2443 1801 2478 Philo
1833 2444 1878 2477 de
1907 2442 1976 2477 vit.
2000 2443 2114 2489 Moys.

370 2513 386 2546 I
402 2513 506 2548 294ff
526 2512 591 2554 (IV
610 2513 686 2554 190,
704 2514 724 2547 6
743 2512 809 2556 G.):
849 2510 956 2553 εἰδὼς
992 2513 1066 2558 γὰρ
1090 2506 1273 2558 Ἑβραίοις
1307 2512 1397 2554 μίαν
1434 2510 1522 2546 ὁδὸν
1559 2509 1739 2553 ἁλώσεως
1769 2513 2013 2557 παρανομίαν
2038 2537 2045 2544 .
2071 2537 2079 2545 .
2106 2537 2116 2546 .

369 2574 464 2616 ‘eloi'
491 2606 499 2613 .
519 2606 526 2613 .
546 2606 553 2613 .
578 2575 683 2614 εἶπεν
709 2574 761 2614 ‘at
785 2577 959 2624 ἐγχώριοι
983 2584 1157 2624 γυναῖκες
1181 2605 1189 2613 .
1209 2605 1217 2613 .
1236 2605 1244 2613 .
1270 2576 1363 2624 ἀνὴρ
1390 2574 1423 2613 δ’
1451 2576 1571 2614 οὐδενὶ
1595 2581 1740 2622 μᾶλλον
1772 2576 1962 2619 εὐάλωτος
1994 2578 2016 2623 ἢ
2053 2591 2113 2624 yv-

370 2648 499 2689 ναικὸς
524 2642 725 2695 εὐμορφίᾳ’
749 2659 838 2682 USW.
862 2667 906 2672 —-
933 2648 1025 2682 2711*
1045 2647 1122 2692 vgl.
1147 2646 1278 2691 Ephes.
1304 2648 1336 2688 6,
1363 2649 1416 2681 14.
1443 2647 1496 2681 17.
1522 2649 1576 2681 16.
1603 2648 1645 2681 15

485 2804 507 2838 5
533 2814 718 2838 armorum
741 2802 775 2836 B
869 2803 919 2838 10
944 2802 1131 2838 Moabitae
1157 2807 1197 2843 -f-
1224 2802 1282 2837 vel
1306 2801 1533 2836 Madianitae
1557 2800 1862 2844 BCD,Alcl.Del.,
1900 2801 1960 2836 die
1983 2801 2114 2836 Worte

370 2871 521 2905 wurden
557 2882 627 2906 nur
662 2870 701 2904 in
738 2870 818 2904 eine
844 2869 1134 2916 interpretation
1164 2871 1227 2905 des
1253 2869 1430 2915 Origenes
1454 2880 1585 2915 passen
1702 2870 1751 2905 15
1778 2868 1890 2904 armis
1915 2873 1956 2910 -ί-
1981 2880 2056 2904 non
2079 2868 2112 2902 A

372 2944 413 2979 -†-
440 2939 505 2973 aut
534 2939 564 2974 0
603 2939 609 2982 Ι
652 2937 794 2972 viribus
819 2937 941 2972 ACclw
1037 2939 1115 2974 17f
1136 2937 1324 2982 conspirat
1351 2937 1381 2973 Ο
1471 2937 1523 2972 26
1547 2936 1734 2971 iaculatur
1757 2937 1834 2971 Abv
1905 2937 1956 2972 29
1982 2936 2113 2972 salutis

373 3005 533 3049 Bcl,Ald.
548 3005 634 3047 Del„
659 3005 755 3039 nach
780 3006 843 3040 der
868 3005 980 3050 Vulg.
1007 3006 1086 3049 (τοῦ
1111 3006 1295 3050 σωτηρίου
1320 3007 1387 3050 gr.)

2137 1483 2192 1509 243
2210 1482 2330 1510 Lomm.
