2321 3512
688 279 727 314 in
751 279 932 315 Numeros
957 279 1120 316 Homilia
1144 281 1256 326 XVII,
1280 283 1478 326 6—XV111,
1505 285 1521 317 1
1892 288 1966 327 167

232 392 515 447 blasphemari
555 392 667 434 inter
707 394 880 445 gentes<,
923 393 1030 434 sicut
1071 408 1091 434 e
1133 395 1343 436 contrario
1375 409 1458 436 non
1487 395 1571 447 ille,
1608 396 1677 450 qui
1709 395 1966 437 sermonibus

233 457 334 501 solis
355 458 584 500 Dominum
614 458 838 509 benedicit,
868 459 957 512 ipse
987 459 1234 500 benedicere
1264 463 1471 513 putandus
1503 465 1575 512 est,
1606 464 1679 503 sed
1708 462 1781 516 qui
1807 461 1966 503 actibus

234 528 275 566 et
303 525 392 567 vita
421 527 462 566 et
491 524 677 566 moribus
708 524 793 565 suis
823 524 926 566 facit
957 525 1006 565 ab
1039 526 1231 566 omnibus
1262 541 1414 567 nomen
1445 527 1615 569 Domini
1653 528 1856 570 benedici.
1914 519 1968 568 'Et

231 593 276 633 in
304 591 394 633 istis
424 591 558 645 magis
588 589 880 644 complebitur,
912 593 1026 645 quod
1054 592 1177 632 tertia
1199 593 1421 646 prophetia
1443 593 1613 634 Balaam
1635 595 1840 648 designat,
1871 594 1968 648 quia

187 662 209 696 5
229 658 558 700 >benedict-intes<
578 656 745 699 Christo
774 658 1090 699 >benedicentur
1121 661 1161 698 et
1191 658 1485 700 maledicentes
1517 660 1551 700 ei
1573 659 1792 711 ¹maledicti
1820 662 1965 701 erunt«.

231 723 412 778 Propter
431 720 544 777 quod
575 723 829 766 omnimodis
849 716 1083 774 caveamuS,
1115 737 1164 764 ne
1188 739 1261 777 per
1282 739 1408 778 opera
1430 728 1470 766 et
1496 728 1610 766 actus
1632 729 1793 766 nostros
1815 725 1966 766 Christi

229 803 401 833 >nomen
442 785 901 844 blasphemeturg'sed
942 790 1077 844 magis
1118 790 1162 831 id
1204 802 1393 844 agamus,
1435 793 1572 832 ut-de
1613 791 1967 832 benedictionibus

231 857 318 898 eius
358 856 585 911 participes
628 871 715 898 esse
760 870 1006 898 mereamur⁶
1065 855 1150 909 Ipsi
1191 857 1448 898 >benedictio
1491 860 1529 898 ct
1567 856 1700 911 gloria
1731 858 1773 897 in
1805 857 1968 898 saecula

230 922 519 965 saeculorum<.
578 923 725 964 Amen.

820 1236 1155 1284 HOMILIA
1193 1237 1367 1283 XVIII.

928 1360 1273 1384 *****

148 1450 207 1487 .10
345 1444 379 1483 1.
421 1440 621 1490 Quartam
665 1453 775 1481 nunc
816 1439 1083 1493 prophetiam
1114 1453 1162 1478 ex
1192 1437 1275 1490 his,
1318 1437 1430 1492 quae'
1454 1437 1628 1478 Balaam
1658 1438 1702 1477 in
1733 1437 1860 1478 verbo
1890 1436 1967 1477 Dei

229 1507 395 1550 locutus
438 1510 511 1558 est,
553 1507 598 1548 in
639 1520 785 1547 manus
816 1505 1077 1555 assumimus,
1120 1504 1306 1545 volentes
1337 1505 1462 1545 etiam
1497 1505 1547 1544 de
1577 1504 1678 1557 ipsa,
1721 1518 1825 1557 quae
1856 1503 1966 1543 Deus

230 1575 408 1625 dederit,
441 1573 617 1628 aperire.
675 1572 750 1614 Cui
781 1575 922 1613 tamen
953 1571 1198 1626 prophetiae
1228 1570 1394 1621 similia,
1425 1572 1471 1611 ut
1500 1571 1698 1624 superius,
1733 1570 1776 1609 in
1807 1569 1966 1623 praefa-

230 1642 345 1683 tione
375 1640 604 1694 praemissa
635 1642 742 1680 sunt.
783 1639 854 1680 Ait
877 1639 1005 1680 enim:
1042 1640 1105 1678 »et
1124 1638 1256 1678 iratus
1278 1640 1339 1678 est
1361 1636 1515 1677 Balach
1539 1638 1759 1677 adversum
1781 1635 1965 1685 Balaam,

231 1710 272 1750 et
301 1706 494 1762 plausum
525 1706 641 1747 dedit
671 1705 865 1746 manibus
895 1705 999 1753 suis3
1032 1707 1072 1744 et
1102 1705 1207 1744 dixit
1238 1702 1394 1744 Balach
1425 1705 1477 1743 ad
1499 1701 1688 1743 Balaam:
1722 1701 1965 1743 maledicere

163 1782 207 1817 15
229 1774 448 1816 inimicum
479 1787 619 1813 meum
648 1772 794 1813 vocavi
824 1774 879 1822 te,
912 1773 951 1811 et
983 1784 1088 1822 ecce,
1118 1770 1367 1810 benedicens
1398 1769 1647 1809 benedixisti
1666 1768 1804 1809 tertio.
1844 1766 1966 1808 Nunc

230 1853 332 1896 ergo
363 1839 462 1894 fuge
492 1839 537 1880 in
565 1838 704 1880 locum
736 1840 873 1886 tuum3
906 1836 1010 1878 dixi:
1043 1835 1260 1878 honorabo
1289 1838 1343 1886 te,
1375 1837 1414 1876 et
1443 1848 1553 1876 nunc
1583 1835 1794 1875 fraudavit
1822 1837 1863 1874 te
1883 1834 1966 1874 Do·

229 1907 366 1948 minus
407 1906 605 1947 honore«.
662 1903 855 1946 Ostendit
895 1904 938 1944 in
976 1903 1042 1944 his
1083 1903 1183 1956 quia
1225 1904 1264 1943 et
1294 1901 1452 1942 Balach
1488 1899 1742 1942 intellexerit
1771 1915 1855 1942 non
1884 1900 1967 1940 iam

229 1975 481 2015 daemonum
513 1971 746 2013 ministerio
777 1970 917 2024 decipi
938 1969 1124 2020 Balaam,
1155 1970 1229 2010 sed
1255 1968 1332 2008 Dei
1363 1967 1514 2008 virtute
1546 1968 1599 2007 ad
1631 1965 1806 2007 meliora
1836 1968 1968 2006 trans-

227 2039 349 2081 ferri-
372 2041 412 2081 et
451 2038 548 2080 ideo
590 2038 709 2079 dicit:
756 2036 986 2078 »Dominus
1027 2035 1239 2076 fraudavit
1279 2037 1318 2075 te
1362 2034 1559 2075 honore«.
1619 2032 1702 2073 Sed
1731 2033 1832 2073 haec
1863 2045 1966 2085 quae

157 2117 202 2152 20
226 2105 351 2161 plana
381 2107 478 2147 sunt
506 2105 838 2145 transcurrentes
870 2104 923 2143 ad
954 2101 1167 2156 sequentia
1197 2101 1426 2142 veniamus.
1476 2099 1552 2140 »Et
1583 2099 1690 2140 dixit
1712 2097 1883 2139 Balaam
1915 2099 1966 2138 ad

224 2171 400 2215 Balach:
431 2185 571 2213 nonne
603 2172 643 2212 et
672 2169 830 2211 nuntiis
859 2169 957 2219 tuis,
989 2182 1092 2222 quos
1124 2166 1276 2208 misisti
1306 2169 1358 2207 ad
1391 2181 1469 2217 me,
1499 2165 1663 2207 locutus
1693 2179 1781 2205 Sum
1805 2164 1964 2204 dicens:

226 2239 262 2281 si
303 2238 407 2280 mihi
449 2237 615 2279 dederit
645 2235 802 2278 Balach
844 2234 1014 2289 plenam
1057 2236 1227 2275 domum
1270 2247 1388 2274 suam
1431 2234 1604 2285 argento
1648 2233 1686 2271 et
1728 2245 1841 2280 auro,
1884 2244 1966 2271 non

225 2307 372 2360 potero
401 2303 640 2358 transgredi
670 2303 844 2344 verbum
866 2301 1048 2352 Domini,
1079 2301 1216 2341 facere
1246 2299 1351 2340 illud
1382 2299 1537 2339 bonum
1569 2300 1640 2338 aut
1671 2295 1826 2337 malum
1857 2297 1965 2349 apud

226 2385 292 2413 me
320 2371 485 2426 ipsum?
525 2369 821 2423 Quaecumque
852 2368 1006 2408 dixerit
1035 2367 1140 2407 mihi
1171 2366 1296 2415 Deus,
1329 2365 1430 2405 haec
1461 2365 1608 2405 dicam.
1667 2362 1720 2403 Et
1743 2375 1851 2403 nunc
1873 2375 1966 2402 ecce

157 2448 202 2483 25
226 2439 353 2481 redeo
394 2438 440 2479 in
479 2436 621 2479 locum
663 2450 843 2477 meum«.
903 2433 1047 2475 Sciens
1077 2432 1250 2474 Balaam
1286 2432 1398 2486 quod
1428 2443 1510 2471 non
1540 2429 1620 2470 sibi
1651 2443 1724 2483 per
1755 2428 1966 2469 ministros

225 2503 371 2546 solitos
400 2517 602 2557 responsa
631 2502 906 2552 deferrentur,
938 2501 1009 2540 sed
1041 2501 1089 2539 ab
1112 2512 1173 2549 eo,
1205 2498 1276 2552 qui
1305 2497 1477 2538 haberet
1497 2496 1683 2538 omnium
1705 2496 1964 2548 potestatem,

342 2687 365 2722 5
402 2685 479 2732 vgl.
504 2685 612 2720 Num.
637 2684 693 2726 24,
717 2684 738 2718 9
775 2703 818 2708 -
855 2682 877 2717 8
915 2682 990 2727 vgl.
1016 2681 1134 2726 Apok.
1158 2681 1189 2722 5,
1215 2680 1258 2714 13
1293 2699 1338 2704 -
1375 2679 1424 2714 12
1459 2677 1532 2723 vgl.
1557 2677 1663 2711 Num.
1688 2677 1742 2717 23,
1768 2677 1819 2710 11.
1845 2676 1887 2710 ‘25
1925 2694 1965 2699 —-

230 2754 279 2789 13
305 2752 412 2788 Num.
436 2753 492 2796 24,
517 2752 649 2788 10-11
675 2772 716 2777 -
746 2752 795 2786 19
821 2749 929 2784 Num.
953 2749 1008 2791 24,
1034 2749 1075 2782 11
1099 2768 1143 2772 —
1169 2748 1220 2783 20
1246 2746 1350 2781 Num.
1376 2746 1432 2788 24,
1458 2746 1591 2780 12—14

341 2922 363 2957 2
391 2922 500 2957 deum
524 2920 558 2955 B
674 2922 696 2956 5
723 2919 756 2955 ei
780 2917 1050 2953 maledicentur
1079 2915 1108 2949 Ο
1214 2917 1237 2949 6
1262 2916 1465 2949 nostros—
1482 2915 1499 2948 'a'
1529 2912 1645 2957 magis
1672 2918 1712 2948 <
1740 2910 1774 2943 1³
1875 2910 1892 2943 'a'
1920 2909 1964 2942 de

226 2996 269 3028 <
292 2988 365 3023 BF
380 2996 387 3001 '
453 2990 503 3025 12
529 2986 780 3034 superioribus
804 2985 912 3020 ABF'
930 2985 969 3019 in
994 2983 1244 3029 superioribus
1268 2982 1349 3016 Αἶά.
1367 2981 1439 3016 Del.
1537 2981 1584 3015 13
1611 2990 1697 3013 usw.
1724 2976 1907 3019 bala-(ahi
1935 2975 1968 3007 1³

226 3057 278 3092 23
303 3055 444 3092 domini
469 3059 511 3097 -Ι-
536 3057 574 3091 et
598 3055 653 3089 Bd
768 3055 818 3090 24
843 3054 979 3088 memet
1006 3051 1039 3084 F
1127 3051 1178 3085 26
1204 3049 1422 3084 refer‘entut
1450 3047 1482 3081 Γ

1990 1251 2043 1275 218
2063 1251 2177 1278 Lomm.

1987 2185 2041 2210 :340
2064 2184 2130 2210 Del.
