2373 3314
300 869 341 903 10

298 1205 339 1239 15

298 1912 341 1945 25

298 2240 342 2275 30

370 164 391 200 4
402 162 448 202 18
1145 157 1322 204 Origenes

369 272 533 311 divinae
566 269 806 323 Scripturae
837 271 1100 322 proferamus
1133 286 1181 312 ex
1202 274 1301 313 ore‘?
1344 269 1439 325 Ipse
1462 269 1667 312 Dominus
1693 272 1836 312 noster
1857 269 1970 311 Iesus
1992 268 2111 311 Chri-

368 340 467 387 stus,
498 338 530 377 si
561 351 636 378 nos
666 337 854 377 inveniat
883 337 947 378 his
977 340 1175 378 vacantes
1207 339 1247 378 et
1275 337 1566 379 huiuscemodi
1602 337 1752 378 studiis
1794 335 1862 377 vel
1903 337 2110 378 exercitiis

369 417 537 456 operam
569 404 727 453 dantes,
770 417 853 444 non
898 403 1031 445 solum
1074 405 1190 457 pasci
1233 406 1274 445 et
1314 403 1432 444 refici
1474 404 1676 457 dignatur
1716 403 1758 444 in
1797 402 1930 454 nobis,
1963 417 2110 444 verum

369 471 504 519 etiam,
536 469 570 510 si
600 469 675 509 has
707 469 852 522 epulas
882 470 993 523 apud
1023 484 1099 512 nos
1129 471 1285 511 viderit
1305 472 1542 523 apparatas,
1573 472 1730 523 patrem
1751 483 1890 511 secum
1913 469 2112 522 dignatur

367 537 585 576 adducere.
645 534 727 576 Sed
757 535 873 586 haec,
917 536 1014 589 quia
1056 536 1157 578 satis
1198 549 1352 591 magna
1395 538 1434 577 et
1475 551 1602 590 supra
1643 536 1858 578 hominem
1902 535 2110 584 videntur,

366 616 450 643 non
480 603 583 643 meis
613 602 703 653 tibi,
734 604 807 643 sed
837 602 966 656 ipsius
988 602 1158 644 Domini
1180 606 1221 644 et
1243 602 1477 654 Salyatoris
1499 602 1761 644 sermonibus
1784 602 2110 656 comprobentur

367 668 562 709 dicentis:
596 670 756 710 »Amen
786 670 879 710 dico
910 669 1027 711 vobis
1060 670 1156 722 quia
1187 682 1265 724 ego
1298 672 1338 710 et
1359 671 1489 723 pater
1518 669 1732 710 veniemus
1771 671 1811 709 et
1847 668 2109 710 mansionem

366 735 567 776 faciemus
599 738 638 776 et
669 735 937 777 coenabimus
969 737 1079 790 apud
1111 751 1245 777 eum«.
1303 735 1463 785 Quem?
1522 735 1647 776 lllum
1677 734 1881 789 profecto,
1922 735 1995 789 qui
2035 749 2110 776 sua

364 803 579 842 >mandata
609 803 818 843 custodit<.
877 802 960 843 Sed
990 804 1097 844 sicut
1118 804 1298 844 diximus
1329 803 1428 856 quia
1450 817 1498 843 ex
1520 803 1810 844 huiuscemodi
1830 801 2111 844 meditationi-

364 868 442 909 bus
473 870 710 910 djvinarum
742 882 842 922 erga
873 884 949 910 nos
979 870 1184 910 virtutum
1214 869 1424 911 consortia
1456 872 1496 910 et
1539 869 1680 909 officia
1720 881 2011 922 provocemus,
2051 869 2111 909 ita

367 950 386 976 e
418 936 627 977 contrario
659 935 940 989 malignarum
971 936 1172 977 virtutum
1201 936 1375 977 insidias
1406 938 1446 977 et
1475 936 1755 989 pessimorum
1776 936 2028 977 daemonum
2047 936 2110 976 in-

366 1003 579 1043 cursiones
611 1017 661 1043 ex
691 1002 980 1044 huiuscemodi
1011 1017 1251 1044 sermonum
1273 1005 1313 1043 et
1334 1004 1551 1044 nominum
1574 1001 1926 1055 appellationibus
1953 1000 2110 1056 effuga-

365 1083 468 1109 mus.
528 1068 653 1109 Verbi
685 1070 834 1122 gratia,
864 1071 911 1109 ut
939 1069 971 1110 si
1003 1069 1094 1123 quis
1125 1072 1309 1110 vestrum
1353 1069 1579 1122 aliquando
1615 1069 1831 1122 perspexit
1865 1071 2111 1122 praecanta-

365 1135 548 1176 tionibus
579 1136 762 1188 sopitum
793 1138 1028 1189 serpentem
1059 1135 1219 1189 portari
1247 1136 1291 1175 in
1321 1136 1512 1176 manibus
1544 1134 1610 1176 vel
1631 1134 1822 1188 protrahi
1849 1135 1900 1175 de
1923 1135 2111 1176 cavernis

366 1201 470 1242 nihil
499 1201 709 1243 valentem
741 1215 892 1242 nocere
923 1203 1107 1252 venenis,
1138 1204 1284 1255 utpote
1305 1202 1638 1243 incantationum
1658 1202 1813 1242 virtute
1832 1201 2110 1254 torpentibus,

364 1270 422 1309 ita
454 1269 580 1309 etiam
609 1267 803 1310 lectionis
834 1269 999 1309 divinae
1031 1269 1199 1319 virtute,
1230 1268 1264 1309 si
1296 1269 1367 1322 qui
1395 1267 1507 1309 intra
1536 1282 1612 1309 nos
1644 1271 1706 1308 est
1730 1267 1966 1309 contrariae
1995 1269 2112 1322 pote-

365 1336 484 1376 statis
516 1349 700 1388 serpens,
731 1335 766 1374 si
796 1335 888 1387 quis
919 1336 974 1375 ad
1003 1335 1285 1375 insidiandum
1317 1334 1489 1376 coluber
1517 1334 1632 1385 latet,
1676 1335 1710 1375 si
1739 1335 1947 1387 patienter
1985 1333 2110 1386 feras,

365 1401 400 1441 si
428 1415 513 1443 non
542 1401 681 1442 taedio
712 1401 917 1456 fatigatus
948 1404 1114 1442 avertas
1137 1402 1340 1452 auditum,
1374 1400 1615 1455 Scripturae
1644 1400 1899 1442 carminibus
1920 1402 1961 1442 et
1981 1400 2110 1442 divini

366 1468 568 1509 sermonis
599 1468 843 1509 assiduitate
876 1467 1111 1521 depellitur.

478 1537 514 1576 2.
556 1533 600 1575 Si
633 1547 733 1588 ergo
764 1534 894 1585 vides,
926 1549 949 1575 o
982 1535 1163 1585 auditor,
1195 1534 1421 1588 aliquando
1452 1534 1559 1588 legis
1589 1534 1840 1588 scripturam
1871 1533 1916 1575 in
1942 1533 2112 1575 auribus

364 1601 459 1652 tuis,
491 1613 617 1654 quam
646 1615 729 1642 non
758 1600 972 1655 intelligis,
1007 1604 1047 1642 et
1078 1615 1222 1642 sensus
1254 1602 1343 1642 eius
1372 1601 1452 1642 tibi
1493 1601 1660 1642 videtur
1696 1600 1906 1652 obscurus,
1942 1601 2111 1642 interim

365 1667 473 1709 hanc
503 1668 683 1721 primam
715 1668 878 1721 suscipe
909 1667 1148 1719 utilitatem,
1180 1669 1295 1722 quod
1325 1667 1413 1709 solo
1445 1668 1590 1708 auditu
1620 1668 1735 1708 velut
1770 1666 2110 1721 praecantatione

367 1759 449 1811 οὖν
490 1783 575 1819 μοι
621 1760 693 1810 ότι
734 1768 847 1810 ποτὲ
877 1768 975 1809 >zoe
1006 1766 1055 1809 ἐν
1085 1761 1192 1822 ημῖν
1222 1768 1303 1810 νοῦ
1334 1761 1539 1820 ἀκάρπου
1571 1760 1722 1817 simon<
1758 1765 1801 1809 αἱ
1833 1762 2037 1822 δυνάμεις
2068 1784 2111 1809 αι

367 1835 657 1888 οῑνεργοῦσαι
698 1836 755 1888 τῇ
797 1835 914 1888 ψυχῇ
955 1836 1028 1876 καὶ
1070 1836 1137 1888 τῷ
1174 1836 1240 1888 νῷ
1271 1835 1344 1875 καὶ
1373 1833 1513 1876 πᾶσιν
1544 1828 1647 1888 ημῖν
1678 1834 1925 1887 τοέφονται
1954 1835 2111 1889 λογικῇ

370 1903 423 1955 τῇ
455 1895 545 1943 ἀπὸ
578 1902 676 1943 τῶν
707 1900 843 1955 ἱερῶν
874 1895 1151 1955 γοαιιμάτων
1181 1903 1253 1942 καὶ
1285 1902 1382 1943 τῶν
1403 1893 1646 1955 ὄνοιιάτων
1667 1896 1849 1943 τούτων
1870 1903 2017 1955 τροφῇ
2038 1902 2112 1944 καὶ

368 1962 639 2022 τοεφόμεναι
683 1964 989 2021 δυνατώτεοαι
1032 1969 1235 2021 γίιονται
1276 1963 1390 2020 πρὸς
1433 1963 1486 2010 τὸ
1517 1961 1622 2021 ἡμῖν
1654 1976 1892 2022 συνεργεῖν.
1948 1967 2112 2021 Ὠσπερ

368 2034 412 2075 δὲ
455 2033 498 2076 αἱ
539 2036 772 2087 κοείττους
814 2029 1021 2088 δυνάμεις
1064 2033 1201 2076 οἱονεὶ
1243 2030 1576 2090 κατεπᾴδονται
1618 2035 1690 2076 καὶ
1723 2027 2011 2087 ωφελοῦνται
2039 2034 2113 2076 καὶ

367 2102 572 2155 γίνονται
603 2097 915 2153 ὁυνατώτεοαι
945 2095 1036 2143 ἀπὸ
1068 2101 1165 2143 τῶν
1196 2096 1431 2176 τοιούτων
1454 2095 1727 2154 γραμμάτων
1756 2102 1828 2142 καὶ
1859 2092 2112 2154 ὀνομάτων,

369 2160 518 2216 οἷ’τως
549 2166 591 2208 αἱ
624 2161 926 2222 οἷντικείιιειαι
958 2160 1167 2220 δυναμεις
1197 2168 1295 2209 τῶν
1326 2182 1374 2209 εν
1405 2160 1508 2221 ἧμιν
1538 2166 1676 2209 οιονεὶ
1706 2167 2012 2210 καθέλκονται
2040 2167 2115 2209 καὶ

367 2235 583 2275 νικῶνται
615 2228 706 2275 ἀπὸ
743 2235 838 2276 τῶν
871 2235 953 2275 τοῦ
987 2234 1102 2310 6(εοῦ
1133 2233 1330 2288 ἐπῳδῶν
1359 2235 1432 2276 καὶ
1466 2230 1705 2287 ιικώιιενοι
1735 2233 2024 2288 κοιμίζονται.

477 2303 515 2342 2.
560 2301 642 2342 Καὶ
686 2301 723 2342 εἲ
752 2301 868 2343 ποτε
898 2317 964 2350 τις
991 2295 1120 2354 υμῶν
1151 2297 1348 2354 {dicax-fv
1380 2293 1469 2343 ἀπὸ
1501 2299 1696 2355 ε’πωδων
1727 2293 1891 2342 ἀσπίδα
1920 2303 2113 2354 κοιμιζο-

367 2381 507 2421 μενην
537 2360 564 2420 ⁷}
597 2363 707 2409 ἄλλο
740 2383 784 2409 τι
816 2363 999 2409 τούτων
1029 2368 1126 2408 τῶν
1147 2361 1356 2419 ἰοβόλων,
1387 2366 1530 2409 ἐκεῖνο
1551 2362 1607 2408 τὸ
1636 2361 1914 2420 παοάδειγμα
1935 2367 2112 2419 λαβέτω

369 2433 430 2480 εἰς
463 2428 547 2485 τὴν
577 2444 773 2486 γοαφην·
809 2432 859 2487 ἧς
890 2427 1314 2487 ἄναγινωσκομι-’νης
1343 2429 1495 2487 καὶμὴ
1519 2433 1764 2487 νοουμένης
1786 2426 1933 2475 ἐνιότε
1954 2425 2112 2489 ἇκηδιᾷ

487 2555 503 2589 ’ἶ
532 2554 607 2598 vgl.
633 2554 713 2589 Job.
741 2557 793 2597 14,
818 2555 861 2590 23
888 2555 1018 2600 (Apok.
1045 2556 1074 2597 3,
1104 2555 1162 2599 ⁶20)
1186 2575 1229 2579 —
1255 2555 1278 2589 9
1304 2555 1380 2600 vgl.
1407 2567 1436 2589 z.
1454 2555 1494 2589 B.
1519 2554 1634 2589 IJoh.
1660 2554 1690 2598 3,
1715 2554 1760 2588 22

483 2677 504 2711 ‘3
532 2675 702 2711 inveniat
720 2682 761 2716 -Ι-
780 2677 817 2711 in
835 2677 924 2713 ΒΕΓ
995 2679 1018 2713 6
1037 2678 1324 2722 comprobantur
1341 2677 1414 2712 Bea-
1486 2678 1508 2713 8
1527 2688 1610 2711 eum
1629 2682 1669 2718 ÷
1689 2678 1786 2722 apud
1802 2676 1836 2710 B
1898 2677 1948 2712 10
1965 2689 2012 2708 Ν
2028 2688 2097 2712 con

370 2743 486 2778 sortia
510 2743 692 2779 virtutum
719 2746 746 2778 Α
805 2746 810 2789 Ι
865 2757 1108 2790 provocamus
1132 2745 1239 2788 AFn,
1254 2746 1334 2780 Ald.
1347 2746 1421 2780 Del.
1530 2745 1610 2780 121⁹
1632 2744 1828 2790 effugimus
1853 2745 1886 2778 A
1983 2745 2032 2781 15
2057 2744 2110 2779 in-

371 2810 596 2846 cantationis
622 2812 665 2854 D,
680 2812 758 2848 illd.
773 2813 846 2847 Del.
871 2813 1192 2848 incantationibus
1219 2813 1254 2846 Ρ
1366 2813 1412 2848 17
1441 2812 1472 2847 si
1497 2812 1682 2858 sapienter
1707 2813 1764 2846 Ad
1868 2813 1916 2848 18
1943 2812 2111 2848 auditum

371 2884 411 2917 —i—
439 2878 484 2913 ab
510 2879 542 2912 A
644 2880 692 2913 29
720 2881 892 2922 δυνάμεις
917 2909 924 2916 .
943 2907 950 2915 .
970 2910 977 2916 .
1002 2880 1101 2926 ἡμῖν]
1126 2885 1204 2916 τῶν
1228 2877 1268 2915 ἐν
1292 2881 1381 2925 ἡμῖν
1407 2880 1600 2923 δυνάμεων
1624 2881 1656 2914 Α
1685 2880 1814 2924 (Palm.
1840 2879 1958 2925 270)C
1981 2880 2123 2925 (Paris.'

373 2946 492 2990 Suppl.
517 2945 595 2989 615)
691 2947 741 2982 32
766 2947 808 2981 τὸ
834 2955 876 2985 <
902 2947 972 2982 AG

2128 617 2185 644 173
2202 614 2325 642 Lomm.
