2341 3382
728 268 767 302 in
793 267 872 302 Lib.
897 268 978 303 Iesu
1003 269 1107 305 Nave
1132 269 1295 306 Homilia
1319 271 1397 314 XV,
1421 271 1510 306 4—5
1904 275 1983 316 389

244 378 374 430 Iesus,
405 380 478 434 qui
511 379 701 421 exierunt
730 381 784 420 ad
815 379 999 422 bellum‹.
1059 379 1189 423 Nulla
1231 383 1341 424 enim
1372 384 1530 437 species
1572 384 1733 438 peccati
1763 385 1882 425 tanta
1911 387 1984 435 est,

245 460 327 500 qua
356 459 440 487 non
469 448 523 487 sit
551 446 741 499 superior
769 445 896 496 Iesus,
919 447 990 501 qui
1033 450 1095 489 est
1127 448 1308 489 Verbum
1351 453 1392 490 et
1419 450 1641 504 >sapientia
1672 450 1776 492 Dei<.
1834 449 1984 491 Omnia

245 514 355 554 enim
385 515 556 567 superat
585 515 626 553 et
655 512 795 554 vincit.
853 514 939 554 Aut
968 529 1052 555 non
1082 515 1141 555 ita
1172 515 1394 568 credimus,
1432 517 1530 570 quia
1573 530 1694 558 omne
1728 529 1859 571 genus
1889 530 1984 571 pec-

244 579 336 630 cati,
365 592 459 620 cum
490 580 542 619 ad
573 577 754 619 salutare
783 578 997 620 lavacrum
1029 580 1231 631 venimus
1269 581 1484 624 aufertur?
1540 581 1632 623 Hoc
1668 583 1779 623 enim
1812 586 1852 624 et
1872 585 1982 636 Apo-

199 651 219 685 5
243 644 374 688 stolus
415 643 572 686 Paulus
615 645 829 698 designat,
872 646 958 699 qui,
996 660 1092 687 cum
1122 647 1318 688 universa
1359 651 1627 701 peccatorum
1669 661 1822 702 genera
1863 651 1984 690 dinu-

243 714 454 762 merasset,
486 711 607 752 addit
636 714 730 765 post
761 712 901 753 omnia
932 715 971 753 et
1002 713 1125 754 dicit:
1162 716 1225 754 »et
1256 714 1359 755 haec
1383 715 1550 768 quidem
1573 716 1729 764 fuistis;
1757 717 1828 756 sed
1851 716 1983 757 abluti

243 777 353 828 estis,
384 779 457 819 sed
487 777 737 818 sanctificati
768 778 879 829 estis,
912 780 983 820 sed
1014 779 1230 820 iustificati
1263 781 1362 822 estis
1390 781 1434 821 in
1464 783 1631 823 nomine
1652 782 1823 823 Domini
1849 784 1980 823 nostri

240 843 335 886 Iesu
364 843 563 886 Christi«.
622 843 714 885 Hoc
745 857 846 898 ergo
877 846 1002 887 modo
1031 860 1194 886 >omnes
1224 847 1385 900 cepisse
1427 848 1471 887 in
1512 847 1690 901 proelio<
1731 849 1886 889 dicitur
1924 851 1981 889 >et

241 925 384 952 omnes
413 910 669 964 peremisse‹‚
705 911 828 964 »quia
857 925 932 964 per
961 911 1191 953 Dominum
1222 912 1379 954 factum
1417 916 1489 965 est,
1527 918 1572 954 ut
1607 914 1880 955 invalesceret
1910 929 1982 956 cor

172 986 216 1021 10
240 991 385 1019 eorum
416 979 456 1018 et
487 980 756 1018 occurrerent
784 977 828 1018 in
859 977 1065 1031 proelium
1097 981 1241 1019 contra
1272 978 1461 1030 Istrahel,
1492 983 1538 1021 ut
1566 981 1980 1022 exterminarentur«.

240 1043 350 1084 Dum
383 1043 495 1085 enim
524 1058 609 1085 non
640 1044 814 1085 veniunt
843 1044 1042 1086 inimicae
1074 1045 1266 1096 virtutes,
1309 1060 1416 1100 quae
1458 1050 1629 1100 peccata
1670 1050 1896 1101 operantur
1935 1048 1979 1088 in

238 1110 371 1159 nobis,
402 1124 480 1152 nec
508 1113 740 1164 provoca-nt
769 1126 845 1152 1103
876 1112 927 1151 ad
958 1113 1216 1164 peccandum
1248 1127 1324 1154 nec
1353 1112 1560 1154 lacessunt
1590 1115 1642 1154 ad
1678 1114 1978 1165 dimicandum,

236 1176 415 1218 interfici
457 1191 541 1219 non
581 1179 757 1230 possunt
793 1192 868 1218 nec
912 1178 1194 1221 exterminari.
1251 1178 1353 1221 Ideo
1396 1193 1496 1234 ergo
1538 1180 1650 1221 Deus
1692 1180 1849 1221 dicitur
1887 1195 1977 1234 per-

237 1245 416 1294 mittere,
447 1243 576 1285 immo
609 1246 649 1284 et
678 1244 855 1285 incitare
887 1246 1191 1298 propemodum
1235 1246 1497 1287 adversarias
1538 1246 1711 1287 virtutes
1754 1247 1864 1287 exire
1907 1249 1978 1288 ad·

170 1317 212 1352 15
235 1323 402 1351 versum
433 1324 508 1351 nos
537 1311 581 1351 in
611 1310 833 1364 proelium,
863 1315 909 1352 ut
939 1314 980 1352 et
998 1325 1075 1353 nos
1096 1311 1315 1354 victoriam
1337 1313 1550 1365 capiamus
1581 1315 1621 1354 et
1641 1312 1738 1355 illae
1758 1313 1975 1355 interitum

237 1379 557 1429 consequantur.
614 1376 737 1418 Unde
769 1377 874 1418 mihi
905 1378 1073 1419 videtur
1103 1392 1191 1419 esse
1223 1378 1410 1420 infinitus
1448 1379 1616 1432 quidam
1648 1394 1846 1421 numerus
1879 1394 1975 1421 con-

235 1443 459 1483 trariarum
509 1443 713 1484 virtutum
761 1458 838 1496 pro
888 1458 936 1485 eo
977 1446 1091 1498 quod
1132 1459 1208 1498 per
1247 1444 1436 1499 singulos
1477 1460 1607 1500 paene
1649 1446 1838 1487 homines
1880 1449 1976 1487 sunt

235 1508 408 1562 spiritus
450 1508 592 1563 aliqui,
636 1510 801 1550 diversa
842 1511 884 1551 in
926 1510 990 1551 his
1032 1511 1300 1564 peccatorum
1348 1524 1502 1566 genera
1549 1512 1776 1554 molientes.
1846 1512 1973 1554 Verbi

235 1591 373 1626 causa,
404 1579 467 1618 est
497 1575 629 1631 aliqui
672 1576 964 1618 fornicationis
1006 1578 1191 1630 spiritus,
1225 1581 1287 1619 est
1329 1581 1369 1619 et
1408 1579 1513 1627 ira03
1555 1579 1724 1632 spiritus
1765 1578 1869 1620 alius
1912 1579 1978 1621 est¹

165 1652 210 1687 20
234 1643 450 1694 avaritiae,
481 1642 587 1684 alius
617 1657 716 1684 vero
748 1643 978 1697 superbiae.
1036 1643 1090 1684 Et
1120 1645 1154 1685 si
1185 1645 1348 1685 eveniat
1390 1659 1478 1687 esse
1520 1645 1702 1699 aliquem
1743 1646 1971 1697 hominem,

234 1710 307 1765 qui
336 1709 400 1752 his
431 1709 622 1751 omnibus
652 1709 775 1751 malis
804 1713 876 1750 aut
906 1711 1029 1751 etiam
1059 1710 1248 1764 pluribus
1270 1711 1462 1765 agitetur,
1494 1726 1636 1753 omnes
1657 1712 1731 1753 hos
1752 1711 1819 1753 vel
1846 1713 1970 1754 etiam

234 1776 375 1830 plures
405 1777 448 1817 in
479 1791 522 1818 se
554 1777 706 1818 habere
736 1777 928 1818 inimicos
956 1779 1168 1831 putandus
1200 1781 1262 1819 est
1292 1778 1472 1832 spiritus.
1532 1777 1652 1820 Unde
1676 1782 1716 1819 et
1736 1793 1811 1832 per
1831 1779 1972 1832 singu-

232 1843 296 1886 los
325 1843 468 1898 plures
499 1857 587 1885 esse
618 1843 816 1884 credendi
847 1846 955 1894 sunt,
987 1844 1086 1898 quia
1106 1859 1198 1886 -non
1228 1844 1394 1899 singula
1422 1843 1577 1898 singuli
1606 1845 1796 1887 homines
1817 1845 1971 1886 habent

234 1911 335 1951 vitia
365 1908 433 1952 vel
473 1913 645 1963 peccata
676 1911 957 1960 committunt,
1000 1912 1072 1951 sed
1113 1910 1235 1965 plura
1277 1912 1330 1952 ab
1371 1926 1621 1966 unoquoque
1664 1913 1858 1953 videntur
1898 1914 1970 1954 ad-

163 1981 207 2017 25
232 1976 354 2019 mitti.
413 1975 468 2017 Et
495 1976 646 2017 iterum
677 1991 760 2018 non
791 1979 853 2018 est
891 1979 1122 2031 putandum
1166 1979 1278 2032 quod
1321 1993 1428 2019 unus
1468 1979 1758 2019 fornicationis
1799 1980 1970 2032 spiritus

229 2044 402 2085 seducat
431 2057 539 2093 eum,
571 2043 660 2097 qui,
701 2043 820 2084 verbi
853 2045 1002 2097 gratia,
1031 2044 1074 2084 in
1104 2044 1316 2086 Britannis
1357 2044 1602 2097 fornicatur,
1645 2048 1685 2086 et
1723 2045 1855 2096 illum,
1897 2046 1969 2100 qui

342 2187 364 2222 2
392 2186 466 2232 vgl.
492 2187 573 2222 Joh.
599 2189 632 2229 1,
658 2189 701 2222 14
727 2207 769 2212 —
793 2186 869 2232 vgl.
895 2187 1013 2222 IKor.
1039 2189 1069 2230 1,
1095 2188 1139 2222 ‘24
1162 2208 1206 2212 —
1233 2188 1255 2223 6
1282 2187 1401 2222 IKor.
1427 2188 1458 2230 6,
1486 2189 1526 2223 11
1550 2208 1595 2213 —
1621 2190 1644 2223 9
1670 2188 1742 2224 Jos.
1768 2189 1820 2231 11,
1846 2189 1888 2223 ‘20
1924 2209 1966 2213 —

230 2255 280 2290 13
319 2254 395 2300 vgl.
430 2254 470 2289 in
496 2254 624 2290 Genes.
648 2255 746 2291 horn.
772 2257 804 2299 1,
828 2255 871 2289 10
895 2255 1010 2297 (Bd.I
1035 2255 1068 2290 S.
1089 2256 1141 2298 10,
1158 2257 1232 2299 27);
1269 2256 1308 2290 in
1333 2255 1441 2291 Num.
1465 2256 1562 2290 hom.
1588 2255 1641 2298 14,
1666 2258 1687 2290 2
1722 2275 1766 2280 —
1804 2257 1852 2291 18
1889 2259 1966 2301 vgl.

227 2333 257 2356 z.
273 2321 313 2356 B.
339 2321 488 2367 Origen.
513 2322 552 2357 in
569 2323 677 2357 Num.
703 2323 871 2363 11011120,
888 2324 925 2358 3:
950 2324 988 2358 et
1011 2323 1167 2358 fortasse
1193 2323 1387 2368 continget
1410 2323 1518 2358 nobis
1542 2324 1599 2358 tot
1624 2322 1864 2358 daemonibus
1889 2334 1967 2359 esse

226 2390 459 2424 consecratos
483 2391 574 2434 quot
598 2391 750 2435 peccata
776 2390 1042 2426 committimus
1066 2402 1155 2425 usw.

340 2513 360 2547 1
388 2512 558 2547 exlerant
581 2513 754 2548 AEPbdn
799 2514 804 2557 Ι
847 2515 955 2549 tanta
980 2521 1022 2551 <
1049 2513 1082 2546 Ε
1184 2515 1206 2549 2
1238 2527 1284 2545 ω
1309 2514 1461 2548 verbum
1488 2515 1545 2548 est
1570 2515 1601 2548 A
1645 2514 1650 2558 Ι
1695 2513 1766 2558 dei]
1791 2514 1907 2559 patris
1932 2514 1969 2548 E

225 2578 249 2614 4
275 2577 386 2624 enim]
411 2578 523 2614 etiam
553 2579 582 2613 C
674 2582 695 2616 5
722 2580 858 2615 Paulus
881 2588 925 2619 <
949 2578 1016 2615 BD
1108 2582 1132 2616 (ἰ
1157 2580 1303 2616 addidit
1327 2582 1425 2625 Acyt-
1468 2582 1473 2626 Ι
1517 2581 1666 2626 quidam
1692 2582 1764 2615 AF
1828 2582 1881 2617 6¹·
1900 2583 1964 2617 sed

225 2645 346 2680 ablu'ti
371 2646 459 2681 estis
484 2653 527 2685 <
553 2647 584 2680 A
683 2649 700 2684 7
728 2649 792 2683 sed
816 2648 1007 2683 iustificati
1034 2649 1121 2683 estis
1140 2655 1182 2686 <
1201 2649 1268 2682 DE
1363 2651 1412 2684 10
1437 2649 1575 2695 proelio
1602 2650 1634 2684 A
1729 2650 1778 2685 13
1804 2663 1850 2681 ω
1873 2649 1962 2685 dici-

225 2713 287 2747 tur
311 2713 400 2748 deus
424 2713 458 2748 E
589 2715 670 2750 141·
701 2716 877 2763 adversus
900 2715 934 2749 Β
1065 2718 1114 2752 15
1151 2716 1290 2761 proelio
1317 2717 1351 2750 P
1472 2716 1520 2752 18
1546 2729 1592 2747 ω
1616 2716 1654 2751 in
1680 2717 1737 2752 his
1761 2717 1907 2752 diversa
1936 2720 1966 2755 Ο

227 2780 276 2815 19
302 2793 349 2811 Ν
371 2779 523 2826 spiritus
546 2782 805 2818 fornicationis
831 2783 908 2817 Fdn
953 2785 958 2826 Ι
1002 2784 1040 2818 el]
1066 2784 1099 2818 D
1122 2791 1164 2821 <
1188 2784 1400 2827 AROEFP,
1414 2784 1582 2820 Ald.Del.
1641 2785 1646 2828 Ι
1704 2798 1750 2815 Ν
1775 2786 1830 2819 est
1867 2785 1961 2820 alius

224 2847 376 2894 spiritus
400 2848 478 2887 irae
503 2849 539 2883 Ε
588 2851 594 2894 1
648 2850 800 2896 spiritus
825 2857 867 2889 <
891 2862 931 2884 cz·
975 2852 978 2894 Ι
1022 2865 1067 2882 ω
1093 2853 1148 2886 est
1172 2851 1266 2886 alius
1291 2852 1360 2885 AB
1413 2853 1417 2895 Ι
1474 2854 1529 2887 est
1552 2859 1594 2889 <
1623 2851 1653 2886 O
1766 2854 1817 2889 ⁶20
1842 2854 1959 2888 avari-

223 2916 299 2951 tiae
325 2920 367 2956 -1-
391 2915 543 2962 spiritus
566 2918 796 2961 A‚Ald.Del.
840 2918 845 2959 Ι
889 2916 1055 2952 avaritae
1081 2919 1176 2954 alius
1201 2926 1244 2957 <
1271 2920 1305 2952 P
1342 2921 1346 2962 l
1391 2920 1486 2955 alius
1512 2926 1553 2961 -ί-
1579 2920 1673 2955 alius
1698 2932 1715 2954 c
1770 2922 1774 2965 Ι
1824 2934 1869 2952 ω
1894 2920 1959 2956 ali-

223 2993 330 3027 quem
356 2994 433 3018 esse
458 2983 494 3016 Ε
561 2985 611 3020 23
638 2985 801 3020 habeant
819 2985 855 3019 F
923 2987 971 3021 25
996 2985 1218 3022 fornicarius
1244 2987 1277 3021 Ε
1353 2988 1404 3023 26
1430 2988 1633 3022 seducat..
1650 3016 1658 3024 .
1675 2987 1782 3022 illum
1809 2995 1850 3026 <
1869 2990 1900 3022 A
1952 2990 1956 3035 Ι

222 3050 359 3095 gratia]
385 3061 496 3086 causa
518 3051 586 3086 ΒῙ)
628 3054 634 3097 Ι
677 3053 836 3088 britanis
862 3052 902 3090 E.
924 3054 958 3087 Ρ
969 3053 1062 3097 (-tt-)

2001 1196 2054 1219 140
2072 1193 2189 1221 Lomm.
