2373 3522
294 1064 333 1098 10

296 1619 335 1650 15)

362 357 435 396 128
1146 348 1323 394 Origenes

357 466 588 506 scribarum
622 466 660 504 ot
691 464 911 504 doctorum
943 459 1087 514 populi
1120 461 1300 502 formam
1330 463 1482 511 tenere,
1527 461 1668 502 videas
1699 460 2024 514 prophetantem
2056 460 2106 499 de

359 531 545 579 Christo;
579 531 656 570 hoc
687 528 797 569 enim
827 526 1004 582 legimus
1025 526 1174 568 fecisse
1197 529 1238 567 et
1259 526 1476 580 Caipham‚
1508 527 1579 580 qui
1601 526 1724 568 dixit:
1760 525 1954 579 »expedit
1974 524 2108 575 vobis,

358 601 402 638 ut
431 611 537 638 unus
569 596 695 636 homo
727 595 871 648 pereat
899 608 976 646 pro
1007 593 1120 634 omni
1151 592 1357 646 populo<‹;
1400 594 1472 633 sed
1517 592 1642 634 »hoc«
1689 593 1827 646 inquit
1866 591 1990 644 »quia
2020 593 2108 632 erat

358 662 547 716 pontifex
579 662 679 702 anni
708 660 835 711 illius,
865 660 1175 714 prophetavit«.
1226 658 1457 712 Prophetat
1489 672 1587 713 ergo
1611 661 1651 699 et
1669 658 1844 700 Balaam
1867 660 1917 699 de
1941 657 2107 699 Christo

359 733 397 770 et
426 730 522 770 ideo
553 742 676 769 nemo
708 726 947 777 extollatur,
979 726 1141 767 etiamsi
1170 725 1403 779 prophetet,
1436 725 1597 766 etiamsi
1627 725 1945 778 praescientiam
1977 738 2109 765 mere-

358 799 462 846 atur,
506 796 579 835 sed
615 795 762 835 redeat
792 795 844 834 ad
875 791 1067 846 Apostoli
1100 792 1271 842 dictum,
1315 806 1397 846 quo
1428 793 1481 831 ad
1509 792 1590 832 ista
1619 791 1844 845 respiciens
1875 791 1950 832 ait:
1999 791 2108 831 »sive

359 861 623 915 prophetiae,
669 858 968 908 abolebuntur3
1019 859 1106 899 sive
1147 857 1330 911 linguae,
1381 857 1624 905 cessabunt3
1675 857 1762 898 sive
1805 857 1988 908 scientia⁷
2037 858 2108 897 de-

357 930 581 969 struetur«.
641 926 694 967 Et
726 926 826 980 quid
858 927 920 966 est
951 937 1065 978 ergo,
1097 926 1211 977 quod
1241 925 1518 978 >per1nanet<i>
1571 922 1741 964 »Fides«
1766 923 1904 977 inquit
1929 925 1992 964 »et
2013 936 2108 976 spes

359 998 398 1035 et
428 995 596 1043 caritas;
642 993 776 1034 maior
805 994 944 1032 autem
976 991 1126 1032 horum
1159 991 1351 1032 caritas«.
1409 989 1464 1030 Et
1495 989 1596 1040 sola,
1627 988 1764 1043 inquit
1791 984 1995 1030 maritas«
2031 991 2103 1040 est,

358 1074 462 1114 quae
516 1073 774 1113 »numquam
824 1057 982 1099 cadit«.
1052 1057 1151 1099 Ideo
1200 1071 1326 1110 super
1374 1056 1662 1110 prophetiam,
1712 1070 1837 1108 super
1879 1056 2108 1107 scientiam,

358 1141 484 1180 super
525 1125 665 1176 fidem²
708 1138 834 1178 super
873 1124 1013 1177 ipsum
1057 1123 1178 1164 etiam
1214 1123 1473 1176 martyrium,
1515 1124 1561 1163 ut
1591 1120 1746 1163 Paulus
1778 1123 1914 1172 docet,
1957 1122 2109 1163 caritas

359 1194 553 1234 habenda
583 1194 644 1233 est
675 1194 715 1232 et
745 1190 897 1232 caritas
928 1189 1170 1241 excolenda,
1201 1190 1299 1244 quia
1331 1191 1371 1230 et
1404 1188 1541 1230 »Deus
1572 1189 1724 1230 caritas
1747 1190 1831 1229 est«
1858 1190 1898 1229 et
1920 1186 2111 1229 Christus

360 1259 468 1300 filius
500 1259 586 1299 eius
618 1258 769 1299 caritas
800 1259 874 1308 est,
906 1256 975 1310 qui
1006 1257 1125 1297 nobis
1156 1255 1459 1310 perfectionem
1490 1255 1676 1296 caritatis
1708 1256 1865 1296 donare.
1898 1255 2108 1308 dignetur.

365 1325 471 1379 »Ipsi
503 1324 637 1378 gloria
666 1325 709 1364 in
741 1322 906 1364 saecula
937 1322 1216 1364 saeculorum.
1277 1323 1451 1363 Amen«.

992 1601 1332 1648 HOMILIA
1360 1582 1478 1647 'xv

967 1714 1028 1755 De
1060 1714 1282 1768 prophetia
1314 1713 1501 1755 Balaam.

475 1821 506 1858 1.
538 1816 652 1857 Licet
683 1829 759 1856 nos
791 1817 894 1856 ordo
925 1814 1166 1865 lectionum,
1198 1828 1303 1867 quae
1334 1813 1575 1864 recitantur,
1609 1815 1659 1854 de
1690 1811 1773 1854 illis
1804 1813 1942 1853 dicere
1974 1811 2109 1865 magis

360 1885 513 1937 exigat,
557 1897 662 1936 quae
706 1881 837 1922 lector
881 1880 1089 1934 explicuit,
1131 1882 1271 1921 tamen
1301 1880 1501 1933 quoniam
1531 1878 1723 1921 nonnulli
1754 1879 1931 1920 fratrum
1962 1879 2110 1931 depos-

360 1952 459 1991 cunt
490 1964 537 1990 ea
567 1949 718 2002 potius,
763 1962 867 2001 quae
901 1949 951 1988 de
982 1947 1205 2001 prophetia
1237 1945 1410 1987 Balaam
1441 1947 1598 1999 scripta
1628 1948 1736 1996 sunt,
1780 1947 1832 1985 ad
1874 1959 2110 1986 sermonem

322 2020 326 2053 ἶ
360 2016 657 2070 disputationis
699 2014 866 2065 adduci,
909 2028 991 2055 non
1027 2014 1087 2053 ita
1117 2013 1254 2054 ordini
1284 2011 1511 2054 lectionum
1543 2012 1782 2053 satisfacere
1813 2025 1992 2066 aequum
2024 2024 2111 2051 cre-

360 2083 460 2133 didi,
502 2084 549 2122 ut
591 2081 809 2122 desideriis
852 2081 1104 2122 auditorum.
1151 2078 1306 2126 ,Primo
1351 2091 1450 2133 ergo
1492 2079 1679 2120 omnium
1722 2079 1773 2119 de
1813 2078 1906 2132 ipso
1937 2076 2110 2118 Balaam

360 2149 636 2202 requiramus,
669 2147 807 2188 curin
828 2146 1047 2200 scripturis
1068 2159 1177 2186 nune
1210 2144 1512 2199 vituperabilis,
1544 2158 1654 2186 nunc
1685 2143 1908 2185 laudabilis
1929 2143 2111 2197 ponitur.

361 2214 473 2256 Nam
505 2212 794 2268 vituperabilis
825 2215 898 2263 est,
931 2226 1026 2253 cum
1057 2211 1294 2266 prohibitus
1325 2226 1348 2252 a
1372 2211 1462 2252 Deo
1493 2211 1637 2252 venire
1668 2212 1722 2252 ad
1751 2224 1896 2264 regem
1926 2210 2112 2264 persistit

362 2285 406 2322 ut
437 2281 578 2321 veniat
620 2283 661 2321 et
702 2279 907 2320 mercedis
940 2279 1115 2332 cupidus
1145 2279 1299 2319 iterum
1330 2277 1523 2328 consulit,
1565 2278 1718 2318 iterum
1750 2276 1926 2331 requirit
1957 2290 1980 2316 a
2011 2275 2111 2327 Deo,

362 2349 495 2388 donec
537 2346 800 2400 relinquatur
831 2345 1131 2398 cupiditatibus
1174 2345 1258 2385 suis
1297 2346 1337 2384 et
1369 2346 1435 2384 eat
1464 2344 1509 2383 in
1539 2342 1825 2384 voluntatibus
1856 2342 1954 2384 suis.
2015 2341 2111 2383 Cul-

362 2413 514 2467 pabilis
547 2416 619 2464 est,
664 2427 759 2453 cum
791 2412 984 2452 aedificat
1015 2426 1108 2453 aras
1148 2413 1187 2451 et
1216 2411 1408 2452 victimas
1438 2410 1618 2463 imponit
1650 2409 1881 2451 daemoniis
1913 2411 1954 2450 et
1985 2423 2111 2463 appa—

362 2482 455 2521 ratu
486 2480 651 2533 magico
681 2479 816 2532 poscit
847 2479 992 2519 divina
1023 2476 1223 2518 consulta.
1274 2475 1505 2530 Culpabilis
1537 2477 1609 2526 est,
1642 2489 1737 2517 cum
1767 2474 1987 2517 consilium
2019 2489 2112 2528 pes-

476 2601 496 2634 1
536 2599 611 2644 vgl.
639 2601 671 2634 S.
698 2600 773 2640 126,
798 2598 843 2633 24
878 2618 920 2622 —
959 2600 979 2632 *3
1008 2598 1087 2632 Joh.
1114 2598 1166 2640 1]‚
1192 2597 1235 2631 49
1271 2617 1315 2621 —
1351 2598 1374 2631 3
1401 2596 1481 2631 Joh.
1508 2597 1560 2640 11,
1585 2599 1626 2632 51
1665 2617 1707 2621 -
1746 2597 1770 2631 6
1795 2595 1912 2631 IKor.
1939 2596 1992 2637 13,
2017 2597 2039 2631 8
2067 2615 2111 2620 -

363 2669 384 2704 S
411 2667 530 2702 IKor.
556 2667 669 2708 13,13
694 2686 737 2690 —
762 2666 786 2700 9
816 2665 832 2698 Ι
849 2666 936 2700 Kor.
960 2666 1012 2707 13,
1030 2665 1051 2700 S
1075 2685 1117 2690 -—
1146 2665 1226 2700 101·
1249 2644 1459 2709 vgliIKor.
1480 2665 1532 2706 13,
1551 2665 1582 2699 3.
1608 2665 1629 2698 4
1653 2685 1697 2688 —
1725 2664 1772 2699 12
1804 2663 1916 2699 IJoh.
1942 2666 1974 2705 4,
2002 2664 2043 2699 16
2069 2681 2110 2687 --

364 2735 413 2770 14
440 2734 515 2779 vgl.
542 2735 556 2768 Ι
581 2733 667 2768 Petr
703 2736 734 2775 ι’),
760 2734 822 2774 11;
847 2733 950 2767 Rom.
978 2734 1030 2775 11,
1056 2732 1098 2767 36
1123 2752 1167 2756 ——
1195 2732 1243 2767 18
1270 2732 1360 2766 fiber
1386 2732 1455 2766 den
1480 2732 1599 2766 lector
1624 2731 1698 2776 vgl.
1723 2730 1895 2766 Harnack
1921 2730 1985 2764 TU
2009 2730 2064 2772 42,
2091 2731 2111 2765 3

364 2806 395 2836 >1
416 2804 475 2844 ¹71,
503 2803 523 2836 ‘2
549 2822 591 2825 —
618 2802 668 2836 ⁶23
696 2801 771 2845 vgl.
799 2801 906 2836 Num.
933 2800 986 2842 22,
1014 2800 1056 2834 19

476 2925 498 2959 2
527 2925 563 2959 et
582 2930 622 2961 <
641 2924 711 2957 ils*
779 2924 802 2957 9
829 2922 946 2957 maior
965 2938 998 2957 .-·.
1018 2949 1025 2956 .
1045 2921 1181 2956 caritas
1201 2928 1242 2959 <
1260 2922 1293 2954 Β
1364 2923 1414 2957 10
1441 2931 1545 2966 super
1564 2920 1757 2955 scientiam
1776 2927 1818 2958 <
1836 2920 1868 2952 ]›'
1940 2920 1989 2955 13
2016 2919 2106 2964 eius]

362 2992 421 3025 dei
445 2991 529 3028 B<
544 2992 613 3024 Al)
659 2991 664 3034 Ι
709 2990 878 3025 caritatis
905 2991 960 3024 est
978 2990 1035 3023 Da
1108 2990 1158 3025 14
1184 2989 1222 3023 in
1238 2994 1277 3030 -ξ-
1293 2990 1444 3024 aeterna
1467 2988 1530 3025 OE
1606 2988 1653 3023 17
1682 2988 1777 3023 hom.
1799 2987 1995 3023 XV—XIX
2013 2987 2109 3022 auch

361 3059 397 3092 in
428 3059 461 3091 F'
482 3059 696 3093 vox-handen
792 3058 842 3092 :33
869 3057 1084 3102 prohibetus
1112 3057 1146 3090 F
1165 3057 1383 3102 prohibetur
1413 3055 1477 3092 OE
1518 3056 1522 3099 1
1567 3066 1589 3090 a
1615 3056 1680 3091 deo
1709 3055 1848 3100 venire]
1881 3054 2055 3090 advenire
2082 3054 2117 3089 F

363 3126 412 3160 24
441 3126 598 3160 (ἐὺ-25
626 3126 699 3160 suis
729 3125 790 3160 OE

2128 997 2182 1023 168
2203 997 2323 1026 Lomm.
2358 1012 2361 1014 -
