2321 3512
208 771 228 804 Οἱ

184 1104 226 1138 10

177 2099 221 2133 25

178 2427 222 2462 30

778 393 817 427 in
842 393 1020 429 Numeros
1044 395 1207 430 Romilia
1232 397 1273 438 X,
1299 398 1426 440 3—X1‚
1445 399 1462 432 1
1941 408 1991 444 75

258 508 397 547 vetum
428 505 494 546 vel
525 505 649 546 etiam
680 505 846 546 hortum
880 509 920 546 et
951 507 981 546 si
1014 508 1112 559 quid
1145 511 1218 549 est.
1250 509 1362 562 quod
1385 514 1600 552 exercetur
1620 513 1660 552 in
1683 513 1818 562 terris,
1851 515 1921 553 sed
1954 517 1993 554 et

256 573 289 613 si
328 572 420 626 quis
456 571 623 625 peculia
652 572 950 625 cuiuscumque
983 574 1146 626 pecoris
1178 576 1347 625 nutriat,
1379 576 1526 617 offerat
1564 593 1610 618 ex
1643 579 1706 618 his
1736 579 1824 620 Deo
1857 595 1990 629 omne,

255 640 369 692 quod
404 639 588 692 primum
625 639 698 687 est,
735 637 779 677 id
817 641 879 678 est
909 640 961 678 ad
997 642 1236 681 sacerdotes
1268 642 1439 683 deferat.
1499 644 1586 684 Deo
1619 645 1727 685 enim
1761 644 1900 685 offerri
1931 647 1990 685 di-

255 706 321 755 cit,
360 705 474 758 quod
504 703 793 744 sacerdotibus
824 705 960 746 datur.
1020 705 1073 746 Et
1104 706 1181 747 hoc
1215 711 1287 749 est.
1321 711 1431 760 quod
1464 711 1662 751 doeemur
1694 726 1738 751 ex
1771 712 1863 765 lege
1896 713 1991 765 quia

254 785 376 812 nemo
407 770 522 811 licite
554 784 629 810 nec
659 769 848 823 legitime
879 773 1021 812 utatur
1051 772 1271 823 fructibus,
1304 790 1406 826 quos
1428 778 1539 816 terra
1560 778 1768 829 produxit.
1802 792 1875 818 nec.
1906 779 1993 818 ani-

253 836 480 886 mantibus,
514 850 620 890 quae
651 838 859 889 pecudum
891 837 1065 890 protulit
1093 842 1249 891 partus.
1281 841 1361 880 nisi
1384 856 1430 881 ex
1455 842 1630 894 singulis
1652 844 1882 895 quibusque
1905 844 1992 885 Deo

253 903 479 959 primitiae,
517 903 562 943 id
594 905 654 943 est
687 904 987 952 sacerdotibus,
1026 903 1267 946 offerantur.
1328 906 1444 946 Hanc
1484 920 1583 961 ergo
1614 908 1748 962 legem
1782 910 1993 950 observari

252 973 378 1013 etiam
410 971 644 1011 secundum
675 968 875 1019 litteram,
908 970 1015 1011 sicut
1037 974 1076 1011 et
1098 970 1179 1012 alia
1200 972 1416 1022 nonnulla,
1448 975 1725 1015 necessarium
1749 979 1866 1028 μήκη
1899 980 1993 1016 sunt

253 1037 364 1078 enim
397 1035 615 1093 aliquanta
644 1034 752 1089 legis
785 1038 996 1085 mandata,
1029 1051 1132 1090 quae
1167 1039 1290 1078 etiam
1322 1040 1418 1079 novi
1445 1042 1686 1096 ‘testamenti
1709 1042 1901 1095 discipuli
1925 1058 1991 1083 ne-

250 1104 429 1146 cessaria
462 1102 756 1143 observatione
788 1103 1042 1145 custodiunt.
1088 1103 1142 1144 Et
1173 1106 1206 1144 si
1239 1106 1415 1146 videtur.
1448 1108 1562 1159 prius
1585 1110 1635 1148 de
1659 1108 1722 1148 his
1744 1109 1856 1161 ipsis,
1888 1124 1990 1162 quae

249 1172 292 1212 in
330 1169 423 1225 lege
460 1170 630 1222 quidem
671 1169 845 1222 scripta,
890 1171 963 1210 sed
999 1173 1213 1223 tamquam
1252 1171 1294 1211 in
1333 1173 1562 1225 evangeliis
1599 1174 1858 1214 observanda
1895 1176 1990 1223 sint,

250 1252 387 1290 serm-o
431 1238 668 1284 moveatur,
708 1238 747 1275 et
784 1250 878 1276 cum
917 1236 1017 1277 haec
1056 1238 1280 1290 patuerint,
1317 1241 1414 1279 tunc
1446 1239 1528 1279 iam
1561 1240 1660 1293 quid
1692 1241 1734 1280 in
1766 1240 1830 1280 his
1867 1242 1990 1281 etiam

249 1301 497 1357 spiritaliter
527 1302 675 1342 sentiri
706 1301 868 1351 debeat,
906 1303 1181 1355 requiremus.
1242 1303 1348 1344 Sunt
1379 1305 1489 1345 enim
1521 1305 1591 1358 qui
1621 1307 1678 1346 ita
1711 1307 1851 1347 dicant
1881 1306 1990 1360 quia.

249 1370 282 1411 si
314 1369 474 1423 aliquid
498 1369 668 1409 omnino
692 1368 995 1409 observandum
1021 1373 1081 1410 est
1103 1372 1330 1411 secundum
1354 1370 1552 1421 litteram,
1585 1387 1658 1413 cur
1679 1388 1761 1413 non
1785 1376 1823 1413 et
1845 1376 1991 1413 cuncta

249 1438 517 1483 serventur‘?;
551 1435 584 1476 si
616 1449 715 1476 vero
749 1436 801 1474 ad
834 1435 1067 1488 spiritalem
1099 1436 1438 1490 intelligentiam.
1471 1453 1576 1491 quae
1605 1438 1670 1479 lex
1703 1440 1898 1488 eontinet,
1931 1453 1991 1479 re-

249 1503 424 1544 ferenda
461 1504 570 1550 sunt,
610 1500 715 1541 nihil
753 1501 923 1542 omnino
961 1504 1190 1543 secundum
1222 1503 1419 1546 litteram.
1458 1506 1529 1545 sed
1565 1505 1810 1557 spiritaliter
1841 1506 1991 1546 debent

251 1569 445 1609 universa
476 1567 669 1608 discerni.
731 1565 820 1607 Nos
852 1570 990 1607 autem
1023 1569 1240 1621 utriusque
1273 1570 1515 1610 assertionis
1549 1570 1812 1611 insolentiam
1834 1575 1990 1624 tempe-

249 1638 401 1686 rantes,
434 1633 569 1687 qnalis
590 1633 737 1688 regula
764 1634 807 1673 in
831 1633 1121 1675 huiuscemodi
1143 1634 1250 1688 legis
1272 1636 1535 1677 sermonibus
1557 1639 1815 1677 observanda
1846 1639 1909 1687 sit,
1943 1653 1989 1678 ex

248 1703 498 1743 auctoritate
530 1701 768 1740 divinarum
801 1701 1103 1751 scripturarum
1126 1701 1316 1753 proferre
1338 1703 1647 1755 temptabimus.
1697 1702 1905 1756 Scriptum
1930 1707 1990 1745 est

211 1796 215 1797 ν
247 1768 290 1808 in
322 1769 469 1807 octavo
502 1767 664 1807 decimo
693 1765 873 1819 psalmo:
911 1765 999 1806 »lex
1021 1766 1193 1807 Domini
1216 1768 1606 1820 irreprehensibilis,
1640 1772 1883 1810 convertens
1905 1772 1990 1811 ani-

247 1848 349 1883 mas,
380 1832 667 1874 testimonium
688 1831 857 1872 Domini
878 1832 1014 1883 fidele,
1046 1834 1293 1885 sapientiam
1317 1838 1532 1887 praestans
1554 1836 1758 1888 parvulis:
1796 1850 1992 1890 praecep-

245 1904 335 1941 tum
371 1899 540 1941 Domini
576 1897 762 1939 lucidum
806 1897 1048 1939 illuminans
1087 1898 1244 1941 oculos.
1309 1899 1452 1941 Timor
1490 1901 1658 1941 Domini
1700 1905 1857 1944 castus.
1901 1916 1989 1955 per-

246 1980 418 2007 manens
448 1967 491 2006 in
523 1964 735 2005 saeculum
767 1964 941 2013 saeculi3
973 1966 1156 2006 iustitiae
1177 1965 1349 2007 Domini
1381 1970 1518 2008 rectae
1549 1966 1823 2009 laetificantes
1846 1971 1988 2017 corda3

247 2033 400 2074 iudicia
423 2031 594 2073 Domini
625 2045 736 2081 vera,
767 2031 992 2072 iustificata
1022 2032 1066 2072 in
1098 2035 1229 2072 semet
1249 2033 1352 2086 ipsa,
1386 2033 1678 2074 desiderabilia
1701 2049 1824 2088 super
1845 2049 1988 2075 aurum

247 2102 286 2140 et
315 2097 500 2152 lapidem
531 2097 760 2151 pretiosum
792 2098 919 2138 nimis
951 2100 990 2138 et
1013 2097 1203 2139 dulciora
1225 2089 1453 2152 superine]
1476 2102 1515 2140 et
1537 2099 1721 2142 favum«.
1771 2099 1864 2141 Nisi
1887 2113 1987 2154 ergo

246 2167 385 2206 essent
426 2163 593 2218 singula
635 2164 716 2204 ista
757 2179 780 2204 a
824 2166 953 2204 semet
990 2165 1094 2217 ipsis
1131 2165 1315 2215 diversa,
1357 2180 1585 2218 numquam
1622 2167 1763 2219 utique
1800 2167 1989 2219 proprias

227 2231 471 2285 ‘unicuique
503 2229 722 2283 Scriptura
754 2230 898 2270 divina
930 2231 1198 2271 differentias
1228 2232 1464 2282 indidisset,
1496 2234 1541 2271 ut
1572 2232 1680 2273 alind
1712 2234 1762 2273 de
1792 2232 1884 2286 lege
1907 2233 1988 2274 Do-

245 2297 343 2339 mini
375 2297 543 2348 diceret,
576 2296 692 2338 aliud
723 2298 773 2337 de
804 2299 1016 2349 mandato,
1047 2297 1162 2338 aliud
1194 2299 1245 2339 de
1266 2298 1645 2348 iustificationibus,
1677 2298 1791 2339 aliud
1814 2301 1863 2340 de
1885 2300 1988 2340 iudi—

247 2364 336 2406 ciis.
384 2362 461 2404 Est
491 2376 604 2418 ergo,
634 2365 679 2404 ut
710 2378 759 2404 ex
790 2364 854 2404 his
876 2364 1147 2414 ostendimus,
1180 2363 1294 2404 aliud
1316 2364 1395 2414 lex,
1429 2364 1539 2405 aliud
1561 2368 1843 2418 praeceptum,
1874 2365 1986 2406 aliud

245 2429 547 2481 testimonium,
578 2429 693 2470 aliud
722 2429 978 2481 iustificatio,
1009 2429 1126 2471 aliud
1156 2430 1371 2471 iudicium.
1423 2429 1502 2471 Sed
1536 2433 1574 2470 et
1604 2431 1646 2471 in
1679 2432 1768 2484 ipsa
1790 2432 1880 2485 lege
1905 2432 1986 2472 evi-

360 2616 421 2651 8ff
442 2616 517 2660 vgl.
544 2628 572 2650 z·
590 2616 631 2650 B.
657 2615 695 2650 in
714 2616 830 2651 Levit.
857 2616 952 2650 hom.
973 2618 1002 2659 3,
1020 2618 1040 2652 6
1064 2615 1177 2659 (Bdst
1204 2616 1234 2650 S.
1254 2618 1330 2659 311,
1350 2617 1421 2660 19):
1448 2627 1540 2660 quae
1566 2617 1623 2651 lex
1649 2617 1761 2652 etiam
1788 2621 1984 2652 secundum

246 2683 411 2718 litteram
438 2682 632 2718 aedificare
657 2683 767 2718 debet
793 2683 996 2727 audientes,
1021 2685 1130 2718 valde
1157 2683 1253 2718 enim
1279 2684 1384 2719 utilis
1410 2684 1447 2718 et
1471 2684 1677 2719 necessaria
1702 2687 1758 2719 est
1776 2685 1983 2719 observatio

245 2771 288 2775 —
314 2751 365 2786 20
391 2751 448 2784 Ps.
474 2750 518 2785 18
530 2751 614 2794 (19),
638 2751 750 2787 8—10
786 2771 826 2775 —-
866 2752 916 2787 29
944 2752 1017 2795 vgl.
1044 2751 1191 2797 Origen.
1217 2753 1255 2786 in
1282 2752 1338 2786 Ps.
1367 2753 1431 2787 118
1448 2752 1554 2794 (119),
1580 2754 1595 2786 1
1625 2752 1723 2790 <xm
1748 2753 1789 2786 (57
1818 2752 1983 2794 Lomm.):

245 2815 369 2853 ἰστέον
394 2817 441 2857 δέ,
481 2816 533 2859 ὡς
558 2814 652 2853 ἄλλο
678 2816 746 2862 μὲν
773 2817 899 2863 νόμος,
935 2815 1027 2855 ἄλλο
1053 2818 1092 2854 δὲ
1116 2820 1314 2863 δικαίωμα,
1351 2816 1441 2854 ἄλλο
1468 2819 1700 2862 πρόσταγμα,
1732 2815 1824 2853 ἄλλω
1849 2818 1981 2863 μαρτύ-

245 2896 338 2929 ριον,
374 2882 468 2921 ἄλλο
503 2885 639 2929 κρίμας
676 2885 714 2919 in
740 2885 854 2922 Exod.
879 2887 976 2922 hom.
1004 2888 1055 2931 10,
1082 2889 1094 2921 1
1125 2887 1206 2928 (Bd.
1227 2888 1244 2920 I·
1267 2887 1298 2920 S.
1324 2887 1399 2929 217»,
1428 2887 1479 2928 T);
1518 2886 1586 2920 Sel.
1613 2886 1648 2919 in
1677 2885 1787 2919 Exod.
1814 2886 1872 2925 ⁶21,
1903 2886 1983 2917 1-2

245 2951 342 2995 (VIII
367 2951 434 2986 328
451 2952 604 2994 Lomm.)

359 3105 410 3140 10
435 3105 648 3141 custodiant
674 3107 703 3140 (J
773 3109 821 3143 11
850 3109 935 3142 sunt
964 3108 993 3143 C
1062 3109 1109 3143 12
1138 3109 1201 3143 Sed
1226 3109 1257 3142 A
1324 3108 1328 3150 Ι
1394 3107 1585 3143 tune<lf
1666 3107 1716 3141 ‘25
1743 3105 1864 3149 nimis]
1890 3104 1978 3137 mul-

246 3172 325 3206 tum
355 3171 415 3216 C'd,
430 3172 509 3206 Atel.
524 3173 608 3217 Dm,
633 3174 728 3208 nach
753 3176 817 3209 der
842 3174 952 3220 Vulg.
977 3176 1037 3216 (τε
1056 3174 1114 3220 O')
1209 3176 1257 3210 27
1287 3173 1574 3218 uniuscuiusque
1603 3174 1631 3208 (J
1892 3180 1893 3183 ’

2017 856 2068 878 31¹1
2091 854 2158 881 Del.

2012 2112 2065 2137 102
2084 2113 2200 2139 Lomm.
