2373 3522
250 1048 290 1081 10

250 1380 291 1412 15

320 338 334 373 l
346 338 392 374 14
1093 329 1270 373 Origenes

317 458 414 485 vero
447 446 487 484 et
518 444 703 483 deiectae
734 442 845 482 vinci
876 440 1087 482 faciebant
1117 439 1308 481 Istrahel.
1368 439 1483 481 Haec
1525 440 1714 494 profecto
1752 442 1943 482 audierat
1982 440 2064 481 Ba-

315 510 421 561 lach,
453 524 525 550 rex
558 509 692 550 Moab.
752 507 964 561 Scriptum
996 509 1056 548 est
1087 506 1218 548 enim:
1262 507 1511 547 »audierunt
1541 509 1686 561 gentes
1718 510 1758 548 et
1786 508 1918 547 iratae
1949 509 2064 554 sunt3

317 576 483 618 dolores
515 575 924 628 comprehenderunt
953 573 1190 614 habitantes
1212 571 1447 613 Philistiim.
1506 571 1623 613 Tunc
1653 573 1960 614 festinaverunt
1990 574 2065 613 du-

315 657 381 683 ces
414 642 547 682 Edom
590 645 630 682 et
671 641 881 695 principes
912 640 1212 687 Moabitarum
1256 638 1536 692 apprehendit
1578 652 1646 680 eos
1676 642 1873 681 tremor«.
1938 638 2066 680 Vides

314 710 554 763 pervenisse
586 710 640 749 ad
671 722 752 759 eos,
785 709 898 760 quod
919 707 1127 760 praedixit
1146 707 1190 746 in
1213 704 1388 746 Cantico
1408 705 1589 758 Moyses,
1620 708 1788 759 quando
1809 706 2067 747 transierunt

316 790 436 816 mare·
471 777 657 817 rubrum.
717 775 921 816 Audierat
963 786 1063 827 ergo
1106 787 1180 813 rex
1208 772 1337 813 Moab
1369 772 1466 824 quia
1496 771 1677 825 populus
1709 772 1776 813 hic
1807 771 2066 814 orationibus

316 843 444 883 vincit
476 844 515 882 et
545 844 709 895 pugnat
738 843 962 882 adversum
985 840 1126 881 hostes
1155 853 1239 890 ore,
1269 852 1354 879 non
1385 837 1527 893 gladio
1559 840 1600 878 et
1631 840 1680 880 ob
1711 839 1791 879 hoc
1821 840 1908 879 sine
1941 839 2066 880 dubio

317 911 428 963 apud
459 911 591 949 semet
620 909 759 962 ipsum
791 907 991 962 cogitavit
1021 907 1184 947 dicens:
1228 905 1602 959 quoniamquidem
1634 906 1890 946 orationihus
1921 904 2067 958 populi

316 976 439 1016 huius
483 978 522 1015 et
563 976 755 1028 precibus
797 973 915 1015 nulla
945 975 1121 1027 possunt
1151 987 1268 1012 arma
1298 971 1500 1022 conferri,
1543 971 1639 1012 ideo
1671 971 1798 1013 etiam
1828 971 1931 1012 mihi
1960 970 2066 1012 tales

316 1041 480 1095 aliquae
522 1054 668 1094 preces
711 1042 750 1081 et
791 1040 890 1081 talia
933 1039 1185 1093 requirenda
1227 1040 1324 1078 sunt
1367 1053 1482 1078 arma
1528 1037 1755 1079 verborum
1787 1040 1826 1078 et
1855 1038 2064 1079 orationes

317 1108 435 1159 tales,
467 1122 574 1162 quae
605 1121 803 1161 superare
833 1107 997 1161 possint
1027 1106 1236 1147 orationes
1265 1105 1456 1145 istorum.

428 1180 464 1216 5.
496 1174 554 1216 Ut
585 1177 721 1215 autem
756 1174 864 1214 scias
889 1172 973 1213 tale
996 1172 1157 1226 aliquid
1179 1171 1385 1225 cogitasse
1406 1183 1563 1224 regem,
1596 1186 1645 1212 ex
1667 1169 1908 1224 Scripturae
1930 1169 2068 1211 verbis

316 1241 515 1295 intellige,
557 1255 663 1295 quae
707 1252 785 1293 ego
828 1255 850 1280 a
891 1240 1099 1293 magistro
1143 1239 1339 1292 quodam,
1383 1237 1452 1290 qui
1496 1252 1546 1278 ex
1582 1236 1783 1278 Hebraeis
1820 1238 2068 1287 crediderat,

318 1309 507 1362 exposita
539 1307 681 1348 didici.
721 1306 934 1360 Scriptum
966 1308 1028 1346 est
1058 1318 1175 1358 ergo:
1210 1306 1274 1345 »et
1305 1303 1412 1344 dixit
1432 1304 1555 1345 Moab
1588 1305 1640 1344 ad
1672 1305 1856 1345 seniores
1875 1292 2066 1351 Madian3

316 1389 428 1416 nunc
459 1373 648 1428 ablinget
680 1385 894 1428 synagoga
924 1372 1026 1412 haec
1059 1385 1215 1421 omnes,
1252 1370 1322 1424 qui
1352 1370 1397 1410 in
1429 1370 1607 1410 circuitu
1639 1372 1784 1411 nostro
1817 1372 1924 1419 sunt,
1962 1369 2069 1410 sicut

317 1442 506 1494 ablinget
547 1439 704 1481 vitulus
745 1439 919 1480 herbam
962 1438 1141 1490 campi«.
1199 1436 1355 1477 Aiebat
1397 1448 1497 1489 ergo
1539 1436 1741 1489 magister
1779 1434 1864 1486 ille,
1908 1435 1978 1488 qui
2020 1449 2070 1475 ex

318 1507 521 1549 Hebraeis
557 1507 810 1547 crediderat:
855 1518 940 1555 cur,
976 1503 1128 1556 inquit,
1165 1502 1241 1543 tali
1278 1516 1376 1543 usus
1414 1504 1476 1543 est
1507 1501 1698 1556 exemplo
1731 1503 1892 1556 dicens:
1939 1502 2070 1542 »sicut

319 1574 504 1628 ablinget
544 1572 699 1613 vitulus
741 1572 917 1612 herbam
954 1570 1146 1623 campi«‘?
1206 1568 1269 1610 Ob
1302 1569 1383 1610 hoc
1420 1569 1509 1609 sine
1551 1569 1701 1620 dubio,
1745 1569 1844 1622 quia
1883 1567 2071 1609 >vitulus-

318 1656 388 1683 ore
419 1640 648 1693 >abrumpit
677 1638 851 1680 herbam
882 1639 934 1678 de
965 1651 1129 1690 campo<
1160 1638 1200 1677 et
1227 1635 1371 1689 lingua
1393 1638 1609 1688 tamquam
1629 1634 1749 1686 falce,
1781 1648 2069 1689 quaecumque

249 1721 255 1728 ·
318 1707 538 1757 invenerit,
571 1709 702 1755 secat;
739 1706 799 1745 ita
831 1706 871 1745 et
901 1702 1082 1757 populus
1113 1702 1180 1743 hic
1212 1702 1330 1756 quasi
1359 1701 1547 1743 >vitulus<
1582 1716 1653 1743 ore
1685 1692 1730 1743 et
1754 1701 1879 1742 labiis
1909 1702 2071 1755 pugnat

321 1778 361 1816 et
391 1789 508 1815 arma
538 1773 666 1814 habet
694 1774 734 1812 in
768 1771 910 1812 verbis
940 1784 988 1811 ac
1017 1770 1220 1823 precibus.
1279 1768 1393 1810 Haec
1430 1769 1560 1822 igitur
1591 1768 1724 1810 sciens
1753 1783 1828 1809 rex
1857 1767 1987 1809 mittit
2016 1768 2069 1807 ad

320 1840 507 1891 Balaam,
550 1842 596 1880 ut
639 1842 679 1880 et
719 1839 808 1892 ipse
827 1837 1014 1885 ,deferat
1050 1836 1179 1876 verba
1210 1835 1348 1876 verbis
1380 1835 1590 1877 contraria
1621 1836 1661 1876 et
1689 1835 1883 1888 pre-cibus
1913 1848 2070 1888 preces.

321 1906 410 1949 Nec
444 1906 620 1956 mireris,
664 1906 698 1945 si
729 1907 790 1945 est
819 1905 863 1944 in
893 1903 1058 1956 magica
1089 1905 1177 1942 arte
1208 1902 1291 1942 tale
1325 1901 1503 1956 aliquid;
1538 1916 1626 1942 esse
1658 1902 1766 1941 enim
1797 1901 1905 1941 hanc
1936 1903 2069 1941 artem

319 1975 512 2028 designat
543 1973 669 2013 etiam
693 1970 923 2024 Scriptura,
955 1971 1026 2010 sed
1057 1969 1119 2009 uti
1149 1983 1198 2009 ea
1228 1968 1435 2022 prohibet.
1478 1966 1591 2008 Nam
1623 1970 1663 2009 et
1685 1969 1910 2009 daemones
1932 1966 2069 2020 Scrip-

277 2053 289 2057 ·
318 2044 412 2082 tura
458 2054 544 2081 esse
587 2039 794 2091 designat,
837 2038 910 2077 sed
953 2035 1031 2078 coli
1076 2050 1145 2076 eos
1189 2038 1230 2075 et
1272 2034 1436 2076 exorari
1467 2036 1593 2075 vetat.
1652 2033 1781 2075 Recte
1814 2046 1914 2088 ergo
1945 2033 2069 2075 etiam

319 2108 485 2161 magica
527 2106 587 2146 uti
628 2105 837 2158 prohibet,
882 2103 980 2156 quia
1022 2114 1245 2156 magorum
1281 2101 1471 2151 ‘ministri
1513 2099 1653 2154 angeli
1695 2103 1791 2141 sunt
1824 2100 1999 2154 refugae
2031 2103 2073 2141 et

320 2174 490 2228 spiritus
522 2172 697 2226 maligni
720 2174 759 2211 et
780 2170 1001 2211 daemonia
1022 2170 1259 2217 immunda3
1290 2167 1430 2209 nullus
1453 2168 1564 2208 enim
1586 2169 1826 2209 sanctorum
1847 2167 2070 2220 spirituum

321 2242 587 2293 obtemperat
628 2249 766 2291 mago.
826 2235 924 2278 Non
966 2237 1104 2290 potest
1145 2236 1344 2276 invocare
1378 2247 1534 2290 magus
1569 2233 1765 2284 Michael,
1806 2248 1892 2274 non
1933 2235 2073 2287 potest

320 2308 517 2348 invocare
559 2303 750 2359 Raphael
790 2318 925 2358 neque
969 2300 1157 2350 Gabriel3
1208 2300 1341 2342 multo
1384 2302 1520 2354 magis
1562 2313 1710 2354 magus
1750 2300 1947 2341 invocare
1988 2315 2074 2341 non

435 2452 456 2484 *2
484 2450 597 2485 Exod.
626 2450 678 2490 15,
704 2449 837 2483 14—15
861 2468 904 2472 —
932 2447 997 2483 14.
1026 2448 1074 2482 17
1102 2446 1208 2480 Num.
1236 2446 1290 2488 22,
1315 2446 1336 2480 4
1360 2465 1403 2470 -—
1431 2445 1523 2481 1811·
1545 2445 1622 2490 vgl.
1649 2444 1798 2490 Origen.
1817 2444 1887 2479 Sel.
1911 2443 1950 2478 in
1967 2444 2073 2480 Num.

321 2519 374 2561 22,
400 2519 420 2552 4
446 2518 491 2561 (X
510 2519 530 2552 3
557 2517 728 2560 Lomm.):
766 2511 891 2560 ὥσπερ
919 2513 938 2549 ὁ
964 2516 1106 2559 μόσχος
1130 2511 1170 2548 ἐν
1196 2517 1249 2560 τῷ
1276 2513 1433 2556 στόματι
1463 2514 1509 2548 τὰ
1536 2511 1672 2558 χλωρά,
1711 2507 1808 2547 οὕτω
1832 2512 1894 2547 καὶ
1921 2509 1941 2546 ὁ
1967 2507 2074 2556 ἅγιος

321 2586 412 2628 λαὸς
448 2591 527 2625 τοῖς
562 2585 697 2629 χείλεσι
733 2583 1032 2627 στρατευόμενος
1068 2579 1107 2616 ἐν
1144 2580 1224 2621 ίοῖς
1251 2580 1434 2624 στόμασιν
1460 2575 1534 2624 ἔχει
1560 2579 1606 2615 τὰ
1632 2576 1730 2615 ὅπλα
1756 2577 1815 2614 διὰ
1838 2582 1914 2613 τῶν
1939 2576 2072 2623 εὐχῶν.

323 2653 399 2688 Καὶ
435 2657 548 2687 τοῦτο
587 2650 693 2693 εἰδὼς
720 2650 739 2686 ὁ
767 2649 898 2685 Βαλὰκ
923 2676 956 2684 ..
976 2677 984 2686 .
1009 2651 1122 2685 καλεῖ
1153 2648 1218 2684 τὸν
1247 2646 1406 2691 Βαλαὰμ
1430 2646 1497 2682 τὸν
1523 2644 1660 2692 ἔχοντα
1685 2647 1731 2682 τὰ
1757 2643 1853 2681 ὅπλα
1879 2649 1944 2689 τῆς
1969 2643 2071 2681 ἐναν-

321 2722 401 2763 τίας
439 2720 630 2763 δυνάμεως
667 2717 705 2754 ἐν
737 2724 814 2760 τοῖς
837 2718 987 2762 χείλεσι,
1018 2717 1084 2759 τὰς
1109 2715 1213 2761 ἀράς.
1263 2743 1271 2750 .
1289 2741 1297 2750 .
1317 2742 1324 2750 .
1353 2715 1638 2760 συμπράττωσι
1664 2741 1671 2748 .
1691 2740 1698 2748 .
1717 2739 1725 2749 .
1752 2711 1787 2749 οἱ
1812 2714 1973 2758 πονηροὶ
1998 2713 2072 2748 δαί-

321 2800 435 2832 μονες
471 2793 550 2829 τοῖς
588 2784 827 2833 ἁμαρτωλοῖς
853 2785 1072 2831 ἀνθρώποις
1097 2783 1149 2826 εἰς
1173 2783 1218 2818 τὰ
1244 2783 1394 2828 πονηρὰ
1421 2810 1428 2817 .
1456 2812 1462 2818 .
1489 2808 1496 2816 .
1523 2778 1632 2826 ἔργω
1669 2780 1746 2826 vgl.
1771 2780 1810 2815 in
1835 2780 1950 2816 Exod.
1974 2780 2071 2815 hom.

321 2858 375 2898 11,
400 2856 421 2889 4
447 2856 559 2897 (Bai
586 2855 786 2899 S.256,1e)
812 2854 851 2888 in
877 2855 949 2889 Jos.
976 2853 1029 2895 16,
1047 2854 1067 2886 5
1091 2872 1136 2876 -
1162 2851 1256 2886 24ff
1281 2851 1352 2896 vgl.
1379 2843 1470 2885 Luk.
1494 2850 1547 2892 11,
1574 2850 1632 2890 19;
1659 2849 1692 2883 S.
1719 2850 1794 2890 115,
1821 2849 1870 2882 13

2087 1049 2142 1074 151
2161 1048 2280 1075 Lomm.

438 2980 460 3014 3
488 2978 809 3024 apprehenderunt
841 2977 869 3011 C
908 2977 913 3019 Ι
957 2974 1213 3009 inhabitantes
1238 2974 1310 3009 AO
1401 2973 1423 3007 4
1450 2971 1729 3016 comprehendit
1758 2971 1820 3007 GE
1905 2972 1928 3006 5
1954 2971 2071 3005 trans·
2112 2963 2114 2965 ³

323 3047 418 3082 ierat
443 3046 512 3080 ΑΕ
536 3045 714 3080 transiret
737 3045 759 3079 cI
783 3045 942 3079 transire
969 3055 996 3077 w
1020 3042 1248 3077 transierant
1265 3041 1348 3075 Αἶά.
1364 3040 1438 3074 Del.
1514 3041 1530 3075 7
1560 3040 1733 3074 adversus
1758 3038 1855 3075 ODE'
1897 3038 1903 3082 Ι
1946 3037 2072 3072 hostes

320 3120 365 3156 ,4-
390 3126 534 3159 moyses
553 3113 585 3146 B
656 3114 722 3148 16.
751 3113 799 3148 18
827 3097 1016 3156 ablinguit
1035 3109 1291 3152 BO,Ald.Del.
1363 3108 1414 3143 26
1438 3106 1611 3152 magistri
1629 3106 1685 3140 El.-
1756 3108 1806 3143 29
1831 3117 1963 3151 magus
1980 3111 2023 3142 <
2040 3104 2073 3137 Β
2111 3129 2122 3133 .-
