2373 3522
336 300 412 341 168
1112 297 1289 344 Origenes

334 412 444 449 recte
486 410 653 449 videtur
693 413 947 462 protestatus
991 425 1074 452 non
1114 426 1251 464 >posse
1293 427 1335 454 se
1367 414 1542 454 verbum
1574 413 1744 454 Domini
1774 407 2012 467 transgredi
2044 416 2083 454 et

334 475 470 516 facere
499 475 604 516 illud
636 475 834 528 pusillum
866 480 936 517 aut
968 491 1167 531 magnum
1198 481 1310 531 apud
1342 482 1472 528 semet
1513 480 1678 534 ipsum‹.
1739 478 1837 522 Non
1869 480 1981 521 enim
2010 479 2082 521 ille

332 540 584 595 loquebatur
626 542 677 593 ei,
721 543 792 596 qui
834 546 975 596 posset
1017 544 1235 586 sacrificiis
1279 548 1319 586 et
1349 546 1593 587 muneribus
1624 547 1865 599 permutari,
1908 548 1981 587 sed
2010 545 2080 587 ille

335 611 435 658 erat,
478 610 606 661 >apud
648 623 773 663 quem
803 623 887 650 non
919 612 980 651 est
1011 612 1286 653 commutatio
1318 626 1394 653 nec
1425 613 1765 654 commutationis
1796 613 1972 654 umbra<.
2027 612 2082 653 Et
2104 623 2159 650 219
2177 623 2294 653 Lomm.
2325 635 2327 637 ·

290 681 309 713 ἴ)
333 675 427 715 ideo
470 688 554 715 non
595 677 734 727 potest
775 678 970 718 sacerdos
1015 679 1206 718 mercede
1251 679 1420 730 mutari,
1461 679 1535 719 ubi
1566 679 1678 719 Deus
1720 679 1964 720 muneribus
1999 694 2084 721 non

335 743 539 782 movetur.
581 742 849 783 Discessurus
879 745 1017 784 tamen
1043 743 1217 785 Balaam
1248 745 1399 799 incipit
1428 746 1581 789 iterum
1608 746 1858 799 prophetare
1890 748 1930 787 et
1960 746 2083 788 dicit:

339 808 472 858 meni,
505 808 729 849 consilium
761 811 814 850 do
845 810 937 860 tibi,
970 810 1071 863 quid
1105 810 1234 851 faciat
1264 811 1446 865 populus
1477 812 1544 853 h'ic
1573 811 1728 866 populo
1748 815 1821 854 tuo
1843 813 1887 852 in
1908 812 2083 853 novissi-

335 875 414 914 mis
458 874 615 916 diebus,
674 874 729 915 Et
770 878 984 929 assumpta
1006 865 1227 929 'parabola
1265 892 1339 919 sua
1381 878 1476 919 ait«.
1535 877 1615 919 Sed
1657 879 1903 932 priusquam
1933 880 1987 920 ad
2018 892 2085 919 ex-

336 940 619 994 planationem
644 956 801 993 eorum,
825 956 930 996 quae
946 943 1196 996 prophetata
1211 947 1320 996 sunt,
1342 944 1573 996 veniamus,
1596 944 1722 986 velim
1743 945 1970 999 requirere,
1992 946 2085 999 quis

268 1015 310 1050 10
335 1008 411 1048 iste
454 1022 598 1048 sensus
642 1010 702 1048 est
734 1008 800 1048 vel
830 1009 900 1062 qui
932 1011 1035 1050 ordo
1066 1010 1305 1062 verborum,
1351 1013 1462 1065 quod
1493 1011 1568 1052 ait:
1616 1012 1750 1062 meni,
1793 1014 1832 1052 et
1863 1010 2084 1053 consilium

337 1076 389 1114 do
420 1074 536 1116 tibi«.
577 1074 631 1114 Et
662 1074 828 1116 consilii
861 1075 1031 1129 quidem
1063 1077 1168 1117 nihil
1201 1079 1300 1119 dare
1333 1078 1512 1129 videtur,
1544 1079 1616 1118 sed
1638 1078 1715 1119 ait:
1750 1078 1878 1132 »quid
1899 1078 2085 1120 facturus

335 1141 390 1181 sit
420 1140 599 1195 populus
630 1142 700 1182 hic
730 1142 886 1195 populo
914 1145 986 1184 tuo
1008 1144 1050 1183 in
1072 1143 1308 1184 novissimis
1331 1144 1519 1195 diebus«,
1551 1158 1645 1185 cum
1670 1145 1814 1198 utique
1837 1144 2085 1186 convenien-

334 1207 418 1248 tius
450 1208 610 1248 dictum
640 1208 865 1259 videretur,
909 1209 944 1249 si
975 1210 1167 1251 haberet:
1210 1211 1353 1262 >veni<,
1389 1211 1734 1264 propheto.>tibi,
1767 1211 1867 1265 quid
1897 1211 2085 1252 facturus

337 1275 390 1315 sit
420 1274 599 1328 populus
630 1275 697 1315 hic
728 1275 884 1329 populo
914 1278 986 1317 tuo
1018 1276 1063 1317 in
1094 1277 1337 1318 novissimis
1369 1277 1552 1326 diebus<3
1596 1280 1634 1318 et
1677 1280 1783 1318 esset
1812 1277 1956 1331 utique
1988 1291 2086 1319 con-

269 1348 311 1381 15
337 1342 568 1395 sequentia,
598 1344 644 1382 ut
673 1342 890 1383 videretur
911 1342 1084 1383 Balaam
1114 1343 1365 1396 prophetare
1397 1345 1448 1384 de
1470 1344 1547 1395 his,
1578 1358 1684 1398 quae
1706 1343 1887 1398 populus
1907 1342 2088 1385 Istrahel

338 1408 524 1450 facturus
568 1411 674 1448 esset
716 1409 871 1462 populo
902 1408 1060 1450 Balach
1102 1409 1169 1451 vel
1199 1409 1361 1463 :ceteris
1407 1410 1599 1465 gentibus
1643 1413 1682 1451 et
1713 1412 1826 1464 quod
1856 1411 1901 1451 in
1929 1411 2086 1451 virtute

337 1475 465 1516 faciet
495 1475 565 1526 ita,
596 1477 642 1515 ut
672 1490 757 1516 non
787 1475 1000 1529 relinquat
1032 1491 1081 1516 ex
1111 1476 1288 1517 urbibus
1318 1477 1444 1518 Moab
1476 1476 1623 1528 ullum,
1655 1477 1727 1530 qui
1758 1476 1897 1518 salvus
1926 1476 2012 1518 fiat.

449 1544 485 1584 2.
518 1540 598 1583 Sed
632 1543 671 1582 et
701 1541 923 1595 prophetia
955 1542 1240 1594 nihilominus,
1274 1558 1399 1597 quam
1423 1545 1473 1584 de
1496 1542 1663 1585 Christo
1686 1544 1906 1598 coniungit
1925 1544 1968 1584 in
1991 1557 2087 1585 con-

338 1609 622 1662 sequentibus,
665 1610 706 1649 et
748 1609 869 1649 dicit:
917 1609 1100 1651 »orietur
1140 1609 1262 1651 stella
1307 1625 1355 1651 ex
1385 1611 1524 1662 Iacob,
1568 1613 1608 1651 et
1650 1613 1845 1666 exsurget
1880 1611 2006 1652 homo
2039 1624 2086 1651 ex

267 1678 311 1712 ‘20
337 1675 528 1726 Istrahel,
561 1677 601 1715 et
630 1675 813 1716 vastabit
843 1675 1054 1729 principes
1085 1677 1252 1728 Moab«,
1296 1677 1593 1719 convenienter
1628 1678 1766 1731 posita
1795 1677 2020 1729 videretur,
2051 1677 2088 1718 si

336 1743 540 1795 scriptum
572 1744 697 1784 esset:
740 1742 849 1793 veni,
894 1745 933 1783 et
963 1743 1170 1796 propheto
1201 1743 1294 1786 tibi.
1354 1743 1480 1784 Nunc
1512 1746 1649 1784 autem
1681 1744 1784 1798 quid
1816 1744 2003 1786 dicemus
2034 1745 2088 1785 ad

336 1809 429 1861 hoc,
467 1810 580 1863 quod
611 1809 815 1862 scriptum
847 1811 924 1850 est:
972 1811 1104 1860 meni,
1146 1809 1372 1851 consilium
1402 1810 1477 1851 tibi
1509 1812 1576 1862 do,
1619 1810 1722 1865 quid
1751 1810 1879 1851 faciet
1909 1809 2087 1864 populus

337 1876 403 1917 hic
446 1875 601 1929 populo
642 1878 771 1917 tum?
829 1875 1112 1929 Requiramus
1156 1891 1270 1932 ergo,
1315 1879 1526 1930 quomodo
1557 1876 1739 1930 intelligi
1770 1877 1932 1927 debeat,
1975 1878 2087 1931 quod

337 1943 538 1995 scriptum
581 1944 659 1984 est:
690 1941 953 1994 [monsilium
993 1943 1071 1983 tibi
1115 1945 1209 1994 do«,
1253 1945 1304 1984 de
1346 1957 1428 1997 quo
1471 1958 1592 1996 saepe
1625 1945 1734 1997 apud
1767 1945 1921 1984 memet
1950 1943 2088 1997 ipsum

268 2016 312 2050 25
337 2010 556 2063 requirens
599 2008 761 2050 nullum
803 2009 922 2062 potui
954 2009 1112 2051 exitum
1144 2010 1334 2051 invenire
1380 2011 1625 2061 sententiae,
1668 2010 1703 2051 si
1733 2010 1826 2062 hoc,
1869 2011 1982 2064 quod
2012 2009 2086 2052 ait:

342 2075 590 2117 »consilium
632 2076 711 2116 tibi
743 2077 837 2126 do«,
882 2076 1094 2116 communi
1138 2078 1178 2117 et
1214 2077 1372 2119 usitato
1403 2091 1521 2118 more
1551 2077 1712 2118 dictum
1743 2079 1947 2130 putemus.
2007 2074 2086 2117 Sed

337 2143 442 2184 illud
474 2143 606 2195 magis
637 2142 725 2182 vidi
758 2156 845 2183 esse
878 2143 1147 2194 conveniens,
1179 2145 1292 2197 quod
1325 2143 1401 2185 ait:
1449 2143 1692 2184 »consilium
1722 2143 1800 2183 tibi
1831 2144 1925 2193 do«,
1956 2145 2002 2183 ut
2031 2142 2091 2183 ita

337 2210 493 2250 dixisse
524 2208 807 2262 intelligatur}
840 2208 1063 2250 consilium
1094 2210 1297 2261 divinum,
1328 2212 1441 2264 quod
1471 2211 1529 2250 >in
1561 2209 1800 2251 novissimis
1821 2209 1987 2250 diebus<
2013 2209 2090 2250 im-

337 2276 539 2330 plendum
578 2278 658 2326 est,
702 2276 807 2316 mihi
838 2290 947 2317 nunc
990 2275 1222 2318 revelatum
1265 2277 1409 2330 aperio
1440 2277 1516 2317 tibi
1549 2279 1589 2317 et
1621 2276 1856 2327 manifesto,
1893 2278 1940 2317 ut
1969 2277 2089 2326 scias,

269 2352 312 2385 30
336 2343 456 2396 >quid
487 2342 667 2397 populus
698 2342 767 2383 hic
798 2342 926 2383 faciet
956 2342 1112 2396 populo
1142 2345 1243 2385 tuo<.
1303 2343 1357 2384 Et
1398 2343 1478 2384 hoc
1522 2345 1648 2384 modo
1678 2347 1787 2384 stare
1819 2342 1923 2383 mihi
1953 2342 2090 2384 visum

340 2413 400 2451 est
430 2408 566 2464 posse,
598 2411 711 2463 quod
742 2409 820 2450 ait:
868 2408 1115 2450 »consilium
1145 2410 1224 2450 tibi
1256 2412 1323 2461 do,
1368 2410 1470 2464 quid
1502 2410 1690 2450 facturus
1723 2411 1784 2450 est
1812 2408 1991 2462 populus
2022 2408 2091 2448 hic

338 2476 494 2531 populo
536 2479 649 2526 tuo«,
693 2476 773 2517 hoc
816 2478 894 2517 est:
937 2476 1159 2517 consilium
1190 2476 1270 2517 Dei
1313 2477 1486 2518 enuntio
1527 2476 1606 2516 tibi
1643 2478 1683 2516 et
1712 2475 1951 2516 manifesto.
2009 2473 2091 2515 Re-

340 2539 524 2597 quirenti
568 2556 665 2583 sane
708 2542 830 2593 mihi,
873 2543 1007 2583 sicubi
1038 2544 1147 2584 forte
1177 2544 1219 2583 in
1251 2542 1471 2596 scripturis
1503 2543 1657 2584 divinis
1688 2542 1764 2583 sub
1793 2542 1873 2583 hoc
1904 2555 2089 2582 sermone

455 2721 474 2756 1
516 2720 593 2765 vgl.
630 2720 737 2754 Num.
764 2721 818 2763 24,
845 2721 887 2756 13
923 2740 965 2745 ——ss
1005 2721 1029 2756 4
1066 2720 1147 2756 Jak.
1185 2723 1215 2763 1,
1241 2722 1282 2756 17
1319 2741 1363 2746 —
1399 2723 1416 2757 ’ἲ
1456 2721 1564 2755 Num.
1595 2721 1655 2763 24,
1681 2720 1814 2755 14—15
1850 2739 1894 2744 —
1932 2721 1998 2756 10.
2025 2720 2090 2755 11.

341 2791 390 2824 22
417 2789 524 2823 Num.
551 2789 605 2831 24,
631 2789 674 2823 14
698 2807 742 2813 --
770 2790 818 2824 19
845 2789 952 2823 Num.
979 2789 1033 2831 24,
1059 2790 1100 2823 17
1126 2809 1170 2814 --
1197 2789 1263 2825 24.
1290 2790 1356 2824 26.
1383 2790 1433 2824 31
1461 2789 1570 2823 Num.
1595 2788 1655 2831 24,
1681 2789 1726 2824 14
1749 2806 1792 2812 —
1820 2788 1870 2823 28
1897 2786 1975 2832 Vgl.
2001 2799 2030 2821 z.
2047 2786 2090 2820 B.

337 2858 418 2891 Act.
444 2857 475 2899 2,
501 2858 543 2891 17
569 2876 612 2881 —-
639 2857 690 2892 30
715 2857 791 2901 vgl.
817 2857 924 2891 Num.
951 2857 1005 2899 24,
1032 2858 1074 2891 14

453 3015 567 3049 21119
593 3022 635 3052 <
665 3014 694 3047 C
785 3015 808 3049 3
836 3014 937 3052 ei<
961 3014 995 3047 B
1089 3016 1112 3049 6
1138 3014 1260 3049 dicere
1285 3014 1318 3047 B
1390 3015 1436 3049 11
1467 3015 1564 3058 quod.
1594 3012 1623 3047 G
1692 3014 1739 3049 17
1767 3013 1831 3048 fiet
1854 3013 1887 3046 A
1961 3012 2010 3047 21
2039 3010 2091 3045 di-

338 3082 453 3116 cimus
482 3082 516 3115 F
606 3083 656 3116 32
683 3081 815 3117 nuntio
848 3082 879 3115 F

2100 756 2113 764 x

2111 2091 2165 2118 220
2181 2089 2301 2119 Lomm.
