2373 3314
367 146 391 184 4
398 146 445 185 16
1143 140 1321 186 Origenes

363 253 529 294 buntur.
592 252 887 293 Verumtamen
919 252 1044 293 etiam
1086 251 1191 293 illud
1232 254 1451 304 admoneo,
1492 267 1575 295 non
1619 267 1768 307 parum
1810 268 1859 295 ex
1895 254 1976 296 hoc
2014 255 2105 309 ipso

363 318 553 359 utilitatis
584 318 747 359 animae
777 317 974 368 conferri,
1006 320 1119 372 quod
1161 333 1282 360 aures
1323 321 1499 370 nostras,
1540 318 1638 361 licet
1679 320 1857 362 obscu‘ra
1897 321 2105 373 videatur,
2125 338 2182 363 444
2196 313 2272 363 'nei

361 384 482 426 lectio
515 384 645 425 divini
677 385 877 426 sermonis
908 385 1144 427 adlabitur..
1192 384 1234 427 Si
1278 385 1388 426 enim
1431 386 1619 428 creditur
1659 402 1682 427 a
1725 386 1950 441 gentilibus
1991 390 2105 442 quod
2125 400 2179 426 171
2198 398 2320 427 Lomm.
2352 403 2356 406 ·

361 452 546 492 carmina
576 453 797 505 quaedam,
827 465 929 505 quas
961 452 1324 505 praecantationes
1345 451 1571 506 appeHant,
1603 453 1754 507 quibus
1775 453 1886 494 istud
1907 454 2008 495 artis
2029 457 2104 506 est,

314 530 334 561 5
359 518 681 569 insusurrantes,
712 517 952 560 nominibus
984 519 1235 571 quibusdam
1266 517 1533 573 compellatis,
1575 533 1681 572 quae
1724 534 1774 560 ne
1816 519 1879 561 illi
1921 521 2103 575 quidem,

359 584 430 637 qui
459 584 671 636 invocant,
702 586 869 635 norunt,
901 599 950 625 ex
981 584 1070 626 solo
1102 586 1216 627 vocis
1247 599 1350 627 sono
1380 584 1448 627 vel
1467 586 1637 640 sopiunt
1657 589 1871 640 serpentes
1892 585 1958 627 vel
1979 586 2104 628 etiam

358 652 410 691 de
441 652 630 692 cavernis
661 651 910 705 protrahunt
941 651 1157 702 abstrusis,
1189 666 1311 706 saepe
1343 654 1482 693 autem
1513 653 1617 693 etin
1646 652 1890 706 corporibus
1911 652 2104 695 humanis

356 719 540 759 tumores
572 717 639 759 vel
660 717 864 768 fervuras,
896 720 968 759 aut
989 717 1069 759 alia
1090 718 1378 760 huiuscemodi
1408 733 1511 760 voce
1538 718 1627 759 sola
1648 720 1872 773 reprimere
1895 719 2101 771 dicuntur,
2140 718 2142 721 ’

355 783 567 825 interdum
599 784 724 825 etiam
755 785 918 826 animae
951 786 1166 838 stuporem
1197 787 1407 839 quendam
1438 799 1583 826 sensus
1613 785 1818 840 infligere,
1855 786 1925 827 ubi
1961 789 2103 828 tamen

288 858 330 893 10
356 849 510 892 Christi
541 865 626 892 non
656 850 858 915 restiterit
890 851 1011 893 fides:
1045 853 1200 905 quanto
1233 851 1368 904 magis
1399 851 1528 893 totius
1558 852 1912 905 praecantationis
1940 855 1981 894 et
2012 867 2101 894 car-

354 916 478 958 minis
509 916 757 958 validiorem
789 919 829 958 et
858 918 1140 971 potentiorem
1170 919 1407 958 ducendam
1428 918 1638 959 credimus
1659 932 1965 972 quamcumque
1984 917 2101 960 illam

355 983 595 1037 Scripturae
627 986 794 1025 sanctae
826 983 893 1025 vel
922 998 1160 1025 sermonum
1203 983 1271 1025 vel
1312 984 1530 1025 nominum
1572 984 1924 1038 appellationem?
1982 983 2101 1027 Sicut

354 1050 465 1091 enim
496 1051 607 1104 apud
641 1049 830 1091 infideles
859 1051 1095 1091 contrariae
1118 1050 1306 1102 virtutes,
1336 1052 1553 1103 audientes
1573 1051 1647 1091 illa
1668 1050 1734 1091 vel
1763 1049 1835 1091 illa
1865 1053 2035 1093 nomina
2054 1052 2100 1093 in

354 1117 608 1158 carminibus
640 1116 706 1158 vel
735 1118 1164 1170 praecantationibus,
1196 1119 1348 1158 adsunt
1379 1120 1419 1158 et
1450 1117 1647 1158 exhibent
1666 1117 1916 1158 famulatum
1938 1120 1978 1160 et
1998 1119 2101 1159 dant

288 1196 326 1230 15
353 1198 524 1237 operam
554 1185 598 1224 in
628 1184 721 1234 hoc,
752 1185 805 1224 ad
836 1185 949 1238 quod
979 1184 1167 1225 invocari
1199 1198 1242 1225 se
1274 1199 1323 1224 ex
1343 1183 1416 1225 illo
1437 1183 1505 1225 vel
1524 1198 1572 1225 ex
1594 1183 1670 1225 illo
1691 1184 1860 1226 nomine
1882 1184 2099 1236 senserint,

354 1250 483 1292 officii
513 1252 577 1291 sui
598 1264 687 1290 rem
709 1251 1018 1304 quodammodo
1041 1265 1088 1291 ac
1109 1250 1346 1301 ministerii,
1376 1250 1441 1291 cui
1464 1253 1596 1291 semet
1616 1250 1728 1304 ipsos
1749 1251 2098 1305 mancipaverint,

352 1318 651 1371 dependentes:
683 1331 730 1358 eo
762 1317 898 1371 magis
919 1316 1064 1371 utique
1090 1317 1289 1359 coelestes
1313 1317 1492 1358 virtutes
1514 1319 1555 1358 et
1575 1316 1713 1371 angeli
1745 1317 1838 1367 Dei,
1866 1317 1939 1371 qui
1959 1318 2098 1359 nobis-

351 1398 445 1424 cum
476 1386 572 1425 sunt
602 1407 656 1412 —-
688 1384 793 1424 sicut
824 1385 864 1424 et
896 1382 1104 1425 Dominus
1136 1386 1186 1425 de
1216 1383 1436 1438 >parvulis<
1466 1383 1664 1425 ecclesiae
1695 1384 1798 1425 dicit
1824 1385 1921 1438 quia
1940 1383 2097 1438 >angeli

351 1464 494 1491 eorum
526 1464 693 1503 semper
723 1450 922 1491 assistunt
950 1450 995 1490 in
1027 1453 1254 1504 conspectu
1283 1450 1453 1492 Domini
1495 1451 1686 1491 videntes
1727 1450 1878 1492 faciem
1911 1451 2015 1492 eius<
2043 1475 2096 1480 —-

279 1578 323 1611 20
347 1560 485 1614 μυθία
515 1554 626 1612 ὑπὲρ
660 1561 742 1602 τοῦ
771 1556 830 1614 μὴ
851 1558 1055 1602 ἐκκακεῑν
1078 1556 1160 1603 τὸν
1182 1554 1411 1604 ἀκούοντα
1435 1562 1535 1603 τῶν
1556 1556 1785 1603 τοιούτων
1807 1555 2096 1616 ἀναγνωσμά-

348 1643 458 1677 των,
492 1626 687 1668 λεκτέον.
736 1618 901 1679 Ὥσπερ
934 1628 1092 1669 τοίνυν
1117 1625 1161 1668 αἱ
1191 1626 1363 1681 ἐπῳδαὶ
1393 1623 1582 1679 δύναμίν
1614 1642 1715 1669 τινα
1737 1624 1882 1680 ἔχουσι
1904 1623 2094 1681 φυσικὴν

347 1695 419 1735 καὶ
449 1689 507 1747 αὴ
539 1693 662 1735 νοῶν
694 1685 717 1734 ὁ
748 1687 1120 1747 κατεπᾳὸόαενος
1151 1689 1366 1748 λαμβάνει
1398 1709 1440 1736 τι
1471 1693 1519 1736 ἐκ
1552 1694 1631 1748 τῆς
1662 1692 1842 1748 ἐπῳδῆς
1870 1690 1986 1736 κατὰ
2007 1690 2093 1749 τὴν

349 1755 483 1812 φύσιν
516 1761 613 1801 τῶν
644 1753 869 1813 φθόγγων
902 1760 981 1815 τῆς
1013 1759 1194 1814 επωδῆς
1242 1759 1330 1802 είτε
1361 1759 1420 1809 εἰς
1450 1754 1621 1816 βλάβην
1652 1759 1741 1802 alte
1773 1760 1834 1809 εἰς
1862 1758 1980 1810 ιάσιν
2009 1757 2093 1803 σώ-

347 1841 489 1880 αατος
520 1842 544 1879 η
580 1826 720 1879 ψυχῆς
752 1823 931 1868 ἑαυτοῦ·
976 1818 1099 1868 ου’τω
1141 1842 1218 1880 μοι
1261 1821 1352 1869 νόει
1389 1820 1534 1881 πάσης
1565 1825 1744 1881 ἐπῳδῆς
1773 1826 2093 1879 δυνατωτέραν

279 1906 321 1941 25
349 1891 459 1935 εἶναι
492 1888 577 1947 τὴν
609 1885 855 1946 ὀνομασίαν
886 1909 982 1934 των
1013 1892 1062 1935 ἐν
1094 1903 1190 1943 ταῖς
1212 1894 1356 1942 θείαις
1378 1903 1568 1948 γραφαῖς
1590 1886 1850 1947 ὀνομάτων.
1892 1893 1986 1935 Εισὶ
2009 1888 2091 1947 γάρ

349 1975 465 2008 τινες
495 1954 703 2011 δυνάμεις
732 1959 780 2001 ἐν
813 1952 928 2012 ἡμῖν
962 1957 1029 2001 ὠν
1060 1957 1103 2001 αὶ
1135 1960 1217 2013 αὲν
1243 1961 1501 2012 κοείττονες
1532 1956 1602 2002 διὰ
1624 1955 1807 2003 τούτων
1834 1960 1933 2001 τῶν
1954 1958 2091 2002 οἱονεὶ

347 2025 543 2078 ἐπῳδῶν
585 2026 831 2077 τρέφονται
874 2034 1096 2080 συγγενεῖς
1138 2017 1265 2068 οὖσαι
1307 2020 1461 2076 αὐταῖς
1502 2028 1575 2068 καὶ
1605 2021 1735 2080 ἦαῶν
1764 2021 1822 2080 μὴ
1855 2021 2092 2074 νοούντων

462 2148 482 2182 5
515 2147 590 2191 vgl.
616 2146 704 2180 Inst.
730 2146 780 2180 lV
798 2147 852 2189 18,
870 2148 906 2182 5:
939 2148 1067 2182 eadem
1091 2149 1174 2193 lege
1198 2149 1262 2193 (sc.
1282 2147 1464 2191 Cornelia)
1490 2148 1527 2182 et
1551 2147 1698 2182 venifici
1723 2146 1844 2192 capite
1869 2147 2094 2181 damnantur

345 2215 409 2260 qui
434 2241 442 2249 .
461 2241 469 2249 .
487 2240 494 2248 .
519 2216 597 2249 tam
632 2214 785 2249 venenis
822 2215 881 2249 vel
913 2215 1113 2250 susurris
1147 2215 1302 2261 magicis
1338 2214 1505 2249 homines
1542 2214 1758 2250 occiderunt
1787 2225 1820 2250 u.
1845 2213 1888 2249 H.
1913 2213 2092 2256 Schmidt,

345 2284 487 2318 veteres
524 2281 657 2327 philos.
693 2284 876 2327 quomodo
902 2283 1014 2318 iudic.
1041 2284 1084 2318 de
1109 2295 1204 2328 pree.
1229 2285 1287 2326 (=
1305 2282 1623 2328 Religionsgesch.
1650 2282 1752 2316 Vers.
1782 2281 1832 2316 IV
1850 2282 1886 2324 1)
1912 2282 1943 2317 S.
1969 2281 2012 2316 62
2047 2300 2093 2306 —

347 2352 370 2383 6
397 2349 573 2394 Origenes
599 2350 715 2385 denkt
738 2351 837 2386 wohl
862 2352 957 2386 auch
983 2363 1029 2385 an
1055 2351 1113 2386 die
1142 2350 1293 2392 Ψύλλοι,
1318 2351 1394 2395 vgl.
1421 2363 1449 2384 z.
1468 2350 1507 2384 B.
1525 2350 1621 2385 Plut.
1639 2350 1736 2385 Cam.
1753 2350 1798 2385 56
1822 2369 1866 2374 —
1894 2349 1986 2384 lSff
2007 2347 2083 2393 vgl.

345 2417 476 2452 Matth.
503 2417 556 2458 18,
582 2418 625 2452 10

460 2529 481 2563 2
509 2530 607 2573 quod
633 2535 673 2569 4-
700 2531 746 2564 ad
770 2531 934 2566 RODEI«
1000 2532 1023 2566 3
1048 2531 1159 2565 lectio
1273 2529 1463 2564 adlabitur
1488 2536 1530 2566 <
1557 2530 1598 2572 P,
1612 2529 1685 2565 Del.
1745 2530 1767 2564 5
1801 2528 2035 2563 insusurrant
2060 2529 2092 2562 A

347 2598 370 2630 (ἰ
397 2596 545 2641 sopiunt
570 2597 645 2630 Del.
672 2597 865 2642 sopiuntur
892 2585 1032 2642 (antur
1052 2597 1458 2643 P)21BODJ‹JFP‚AJA.
1503 2597 1507 2641 Ι
1544 2596 1767 2642 protrahunt
1780 2596 1854 2632 Del.
1871 2595 2089 2641 protrahun-

345 2666 406 2698 tur
432 2664 676 2707 ABODEFP,
712 2666 977 2709 protrahantur
1003 2666 1096 2708 Alce„
1131 2665 1238 2700 nicht
1261 2664 1411 2709 richtig,
1433 2664 1524 2709 1vg1.
1550 2663 1584 2697 Z.
1609 2665 1645 2700 8:
1683 2663 1880 2708 reprimere
1916 2662 2091 2697 dicuntur
2149 2712 2156 2721 .

348 2732 364 2766 7
395 2732 574 2766 abstrusis
600 2732 644 2775 D,
657 2733 729 2766 Del.
757 2733 918 2768 abstrusi
943 2733 1120 2776 ABGFP,
1134 2733 1215 2767 Ald.
1241 2732 1385 2768 abstrui
1409 2732 1446 2767 E
1485 2732 1490 2776 1
1534 2731 1704 2766 humanis
1724 2736 1764 2771 -4-
1782 2731 1843 2766 vel
1869 2731 1902 2765 A
1973 2731 1996 2765 8
2021 2730 2089 2764 fer-

344 2810 450 2834 vores
474 2799 620 2843 BODE,
637 2800 718 2841 ΒΘΑ,
745 2801 820 2845 vgl.
846 2801 883 2835 in
909 2800 1024 2835 Exod.
1048 2801 1146 2836 hom.
1172 2800 1204 2842 4,
1229 2801 1249 2836 6
1276 2801 1388 2845 (Bd.1
1416 2800 1446 2835 S.
1466 2800 1539 2838 179,
1559 2800 1592 2844 3)
1712 2800 1756 2834 ll
1787 2797 2032 2834 valentiorem
2058 2797 2091 2830 A

347 2867 395 2901 13
423 2867 480 2901 vel
506 2872 546 2907 —†—
572 2866 611 2900 in
637 2865 705 2900 BG
797 2868 845 2902 15
872 2871 932 2902 ex2
957 2875 999 2906 <
1025 2868 1096 2901 AF
1186 2868 1234 2904 18
1261 2871 1297 2903 et
1322 2875 1364 2906 <
1389 2867 1424 2901 E
1515 2868 1565 2902 19
1593 2852 1771 2902 assistant
1798 2866 1832 2899 P
1857 2865 2034 2899 assistent
2057 2863 2092 2898 Ε

343 2933 346 2977 Ι
400 2934 458 2968 dei
483 2933 626 2967 BDEF
