2321 3512
787 232 825 266 in
851 233 1030 268 Numeros
1053 235 1217 270 Homilia
1242 236 1318 279 XV,
1344 239 1431 271 2--3
1893 245 1966 283 133

226 349 272 387 tu
303 361 326 386 a
354 348 480 396 terra,
511 357 617 399 quae
648 344 811 398 aperuit
842 359 887 385 os
917 360 1051 397 suuni,
1082 350 1127 387 ut
1157 349 1361 401 reciperet
1390 350 1635 404 sanguinem
1669 350 1811 392 fratris
1834 352 1892 392 tui
1917 354 1966 392 de

230 412 424 454 manibus
453 410 559 452 tuis«
607 412 664 451 et:
712 409 984 452 »maledictus
1028 413 1163 454 onmis
1205 415 1276 467 qui
1319 415 1420 456 facit
1460 415 1653 470 sculptile
1695 420 1765 457 aut
1806 417 1966 458 fusile«.

229 478 384 520 Verum
413 492 464 519 ne
496 479 616 530 putes
646 476 749 517 haec
778 477 821 517 in
853 478 1063 519 veteribus
1094 482 1383 521 tantummodo
1414 481 1561 522 litteris
1592 483 1807 533 contineri,
1844 484 1965 523 etiam

226 545 270 602 in
300 541 532 597 evangeliis
562 542 718 584 similia
745 542 954 592 invenies3
985 545 1184 597 scriptum
1218 549 1279 587 est
1309 549 1419 587 enim
1452 550 1561 601 quod
1595 549 1779 589 dicturus
1810 549 1864 590 sit
1885 548 1966 589 Do-

181 617 203 647 5»
227 612 365 652 minus
392 610 485 662 his,
529 609 600 663 qui
643 624 666 649 a
709 609 892 650 sinistris
934 614 1048 652 sunt:
1096 611 1323 653 »discedite
1366 628 1388 652 a
1421 628 1485 653 me
1517 613 1727 654 maledicti
1758 615 1798 654 in
1828 615 1965 668 ignem

229 679 484 718 aeternum«.
543 674 625 716 Sed
658 678 697 716 et
727 689 821 716 cum
853 677 973 717 dicit:
1021 692 1119 718 »vae
1151 678 1281 728 vobis,
1320 679 1479 719 scribae
1512 682 1551 719 ot
1573 679 1808 730 Pharisaei,
1841 681 1967 733 hypo-

227 743 402 784 critae!«
437 745 496 784 et:
534 756 633 783 »vae
655 743 774 782 vobis
796 743 1038 784 divitibus1«
1074 747 1113 785 et
1144 744 1310 797 singula
1330 745 1582 795 huiusmodi,
1614 745 1713 798 quid
1746 746 1856 786 aliud
1890 747 1964 785 nisi

229 808 466 851 maledictis
516 822 585 849 eos
635 809 802 849 videtur
850 813 1029 862 urgere?
1079 809 1162 850 Sed
1205 811 1304 863 quid
1347 811 1532 851 dicemus
1574 813 1684 864 quod
1729 814 1967 851 mandatum

228 889 303 929 per
342 873 595 929 Apostolum
638 876 773 924 datur,
818 875 886 915 ubi
931 875 1049 916 dicit:
1099 876 1358 917 »benedicite
1402 880 1441 917 et
1482 876 1610 917 nolite
1654 876 1968 918 maledicerem.

162 949 204 983 10
229 941 350 991 Quod
384 952 492 995 ergo
537 941 586 982 ab
618 941 859 983 hominibus
890 956 974 982 non
1006 941 1097 983 vult
1126 943 1230 992 fieri,
1263 943 1341 984 hoc
1373 944 1459 995 ipse
1494 944 1603 993 facit,
1635 944 1702 996 qui
1736 942 1968 996 exemplum

228 1009 337 1050 vitae
380 1008 624 1049 hominibus
665 1008 813 1062 ponit?
874 1007 970 1048 Non
1013 1009 1071 1049 ita
1114 1012 1188 1050 est.
1248 1010 1358 1050 Deus
1401 1011 1509 1050 onim
1553 1010 1704 1063 quibus
1746 1009 1969 1058 maledicit,

230 1075 426 1117 meritum
469 1075 664 1128 designat
706 1075 808 1125 eius,
852 1075 917 1115 cui
949 1075 1228 1126 maledicitur,
1272 1079 1310 1116 et
1341 1077 1586 1117 sententiam
1620 1077 1786 1128 promit,
1828 1080 1970 1128 utpote

229 1155 354 1196 quem
384 1156 469 1183 non
499 1141 620 1182 fallat
651 1155 784 1194 neque
816 1141 976 1194 peccati
1008 1141 1187 1194 qualitas
1216 1157 1350 1195 neque
1380 1143 1591 1196 peccantis
1623 1141 1805 1183 affectus.
1836 1141 1970 1181 Homo

228 1210 367 1250 autem
400 1208 499 1261 quia
528 1208 631 1250 haec
663 1222 745 1249 non
779 1210 914 1260 potest
935 1208 1040 1249 scire
1066 1232 1118 1236 -
1138 1222 1272 1262 neque
1294 1209 1403 1248 enim
1426 1209 1684 1261 propositum
1709 1211 1968 1260 mentemqus¹

163 1278 204 1312 15
229 1273 400 1316 alterius
430 1275 573 1315 videre
605 1273 711 1315 alius
743 1276 814 1314 aut
845 1286 1096 1327 cognoscere
1127 1277 1265 1327 potest
1295 1298 1347 1302 -
1377 1274 1534 1316 idcirco
1566 1274 1727 1315 etiamsi
1751 1274 1971 1314 iudicanti>⁴

230 1340 298 1382 vel
327 1340 576 1381 sententiam
607 1340 838 1394 promentis
879 1340 1036 1380 intuitu
1067 1342 1253 1394 proferat
1282 1340 1563 1391 maledictum,
1606 1354 1688 1381 non
1720 1342 1854 1393 potest
1885 1353 1971 1380 esse

231 1408 340 1448 iusta
370 1406 651 1448 maledicendi
683 1421 820 1457 causa,
865 1406 936 1446 ubi
966 1407 1186 1460 ignoratur
1215 1406 1424 1459 peccantis
1456 1406 1638 1456 affectus,
1672 1407 1848 1446 maxime
1880 1420 1969 1446 cum

180 1467 185 1472 ⁷
232 1474 461 1514 humanum
493 1473 641 1514 vitium
675 1477 773 1514 tunc
806 1472 909 1514 sciat
942 1472 1165 1513 maledicta
1194 1474 1395 1526 proferre,
1427 1487 1521 1513 cum
1554 1473 1658 1513 forte
1680 1472 1880 1513 conviciis
1902 1474 1972 1511 aut

234 1539 399 1581 iniuriis
435 1542 702 1593 provocatur.
762 1538 880 1587 Quod
920 1539 1065 1579 vitium
1098 1553 1285 1580 resecare
1316 1532 1540 1591 Apostolus
1572 1538 1725 1587 volens,
1767 1552 1815 1577 ne
1848 1537 1972 1577 male-

164 1612 208 1646 20
235 1606 360 1648 dictis
380 1605 605 1646 maledicta
628 1608 668 1646 et
689 1605 891 1647 conviciis
914 1606 1102 1645 convicia
1123 1619 1410 1657 provocemus,
1433 1607 1672 1645 mandatum
1695 1603 1968 1643 necessarium

233 1673 364 1726 ponit,
406 1674 452 1713 ut
496 1671 794 1712 benedicamus
832 1674 872 1712 et
914 1685 996 1713 non
1040 1670 1354 1720 maledicamus3
1396 1685 1477 1724 quo
1520 1669 1781 1711 conviciandi
1824 1669 1971 1709 vitium

233 1741 457 1789 resecetur,
502 1752 586 1779 non
630 1752 712 1792 quo
754 1738 969 1779 iudicandi
1011 1737 1177 1787 veritas,
1220 1751 1324 1791 quae
1355 1737 1543 1778 homines
1574 1736 1687 1785 latet,
1725 1739 1765 1776 et
1794 1750 1973 1788 pronun—

231 1805 367 1846 tiandi
399 1805 628 1846 auctoritas
658 1805 898 1857 perimatur.
941 1803 996 1844 Et
1024 1807 1165 1844 tamen
1196 1804 1295 1857 quid
1328 1817 1474 1844 causac
1506 1804 1571 1853 sit,
1602 1804 1712 1856 quod
1745 1816 1827 1841 non
1851 1800 1974 1840 male-

211 1872 345 1914 ,dicat
366 1871 570 1913 Dominus
599 1870 726 1913 Iacob
757 1884 891 1924 neque
920 1869 1099 1911 Istrahel
1130 1870 1180 1910 ab
1210 1871 1301 1923 ipso
1332 1869 1605 1910 nihilominus
1633 1868 1816 1917 Balaam,
1846 1868 1973 1907 immo

163 1942 206 1977 25
233 1953 256 1978 a
286 1937 428 1988 verbo,
470 1939 581 1992 quod
614 1937 755 1990 posuit
783 1936 898 1978 Deus
938 1937 998 1977 >in
1030 1936 1253 1993 ore<seius,
1295 1935 1538 1989 diligentius
1570 1935 1802 1975 audiamus:
1851 1947 1974 1986 »quo-

233 2005 344 2045 niam
375 2006 426 2046 de
459 2003 712 2045 verticibus«
756 2003 894 2058 inquit
939 2003 1166 2044 »montium
1205 2002 1401 2043 intuebor
1437 2017 1543 2051 eum,
1587 2004 1625 2041 et
1655 2016 1679 2042 a
1709 1999 1886 2041 collibus
1915 2000 1974 2039 in-

231 2069 419 2126 telligam
464 2084 597 2111 eum«.
669 2070 789 2120 Quia,
830 2070 982 2124 inquit,
1025 2069 1070 2110 in
1113 2068 1286 2110 excelsis
1329 2069 1537 2109 montibus
1581 2070 1619 2107 et
1660 2066 1755 2106 altis
1797 2064 1974 2106 collibus·

233 2137 392 2191 positus
424 2139 486 2178 est
517 2135 706 2188 Istrahel,
737 2136 815 2177 hoc
846 2139 907 2177 est
937 2136 981 2176 in
1003 2131 1113 2177 edita
1135 2135 1221 2176 vita
1242 2138 1281 2176 et
1303 2137 1444 2184 ardua,
1477 2136 1530 2175 ad
1551 2148 1673 2187 quam
1698 2133 1972 2173 contuendam

233 2206 274 2244 et
301 2202 622 2258 intelligendam
652 2218 735 2244 non
766 2202 888 2245 facile
921 2202 1012 2256 quis
1042 2202 1218 2243 idoneus
1247 2201 1332 2252 fiat,
1364 2201 1442 2241 nisi
1471 2201 1696 2240 adscendat
1718 2200 1768 2238 ad
1791 2198 1972 2238 eminen-

163 2272 207 2306 30
232 2272 317 2312 tem
348 2272 389 2311 et
416 2268 623 2311 excelsam
654 2269 886 2320 scientiam,
931 2269 1103 2314 idcireo,
1134 2268 1282 2322 inquit,
1316 2283 1396 2307 non
1429 2267 1465 2307 ei
1498 2265 1711 2306 maledicit
1743 2264 1870 2311 Deus;
1914 2267 1975 2304 est

346 2445 369 2480 2
396 2444 503 2480 Deut.
528 2445 583 2487 ⁶27,
611 2446 653 2480 15
688 2463 731 2468 —
770 2446 792 2480 5
817 2444 941 2478 Matth
977 2445 1032 2485 25,
1057 2445 1099 2477 41
1137 2463 1179 2468 ——
1217 2443 1240 2477 6
1265 2442 1396 2477 Matth.
1423 2443 1476 2485 23,
1502 2441 1544 2475 29
1570 2460 1610 2464 —
1642 2441 1658 2475 7
1691 2440 1775 2473 Luk.
1802 2442 1832 2479 σί,
1858 2440 1901 2472 24
1932 2458 1972 2462 —-

233 2513 258 2547 9
294 2511 399 2547 Rom.
424 2512 478 2555 12,
503 2513 547 2546 14
581 2531 626 2536 -
664 2511 713 2547 18
751 2511 827 2556 vgl.
854 2510 1004 2556 origen.
1031 2510 1167 2546 Comm.
1198 2510 1237 2544 in
1262 2509 1353 2544 Rom
1390 2509 1453 2554 Ep.
1490 2509 1534 2542 ad
1560 2508 1661 2542 Rom.
1686 2508 1717 2549 9,
1745 2508 1785 2541 14
1808 2505 1888 2548 (Vll
1911 2508 1974 2539 3]ss

233 2578 386 2623 Lomm.)
422 2598 468 2604 —
503 2579 555 2615 25
581 2579 656 2624 vgl.
682 2579 788 2614 Num.
815 2580 869 2621 ⁴23,
894 2579 915 2614 5
951 2599 993 2603 —
1035 2579 1113 2614 251·
1141 2578 1246 2612 Num.
1273 2578 1325 2619 23,
1351 2579 1371 2613 9
1407 2596 1450 2601 —-
1488 2575 1537 2611 28
1566 2575 1638 2619 vgl.
1665 2574 1811 2617 Origen.
1840 2573 1974 2607 Comm.

233 2646 273 2681 in
297 2645 404 2682 Cant.
430 2645 535 2681 Cant.
552 2646 605 2680 111
629 2645 711 2685 (XV
728 2646 772 2680 44
792 2645 959 2690 Lomm.):
992 2645 1031 2679 in
1057 2645 1372 2680 consummatione
1398 2643 1532 2679 saeculi
1559 2642 1782 2687 implendum
1812 2642 1908 2684 puto,
1936 2642 1972 2672 ut

235 2741 242 2749 .
261 2741 269 2749 .
287 2740 296 2748 .
321 2714 386 2760 qui
421 2713 634 2749 excelsioris
670 2713 771 2748 vitae
808 2715 849 2748 et
876 2713 1131 2748 eminentioris
1154 2712 1267 2747 fuerit
1293 2710 1593 2752 conversationis,
1631 2709 1699 2744 iste
1727 2708 1762 2741 in
1790 2707 1973 2742 montibus

237 2779 454 2815 inveniatur
479 2782 544 2816 aut
568 2781 608 2815 in
634 2780 793 2817 collibus

670 2848 687 2891 f

348 2941 373 2976 4
396 2937 558 2991 reperies
585 2940 617 2977 0
658 2943 663 2984 1
706 2942 763 2976 est
788 2941 923 2976 etenim
950 2942 984 2976 Β
1031 2941 1075 2976 ““8
1103 2941 1258 2976 dicimus
1280 2940 1363 2976 01⁸1·
1437 2940 1480 2974 ll
1513 2938 1610 2972 vitae
1630 2944 1670 2974 <
1694 2938 1722 2972 O
1790 2935 1838 2969 15
1864 2944 1973 2978 agno·

235 3018 335 3043 scere
361 3007 398 3042 F
486 3009 534 3044 17
562 3008 822 3044 maledicentis
849 3008 880 3042 B
972 3009 1022 3044 25
1049 3008 1218 3043 dominus
1249 3008 1279 3042 Ο

1997 1219 2047 1243 175
2067 1218 2173 1247 Lomm
