2373 3314
397 254 475 293 390
652 300 654 302 v
1179 247 1356 293 Origenes

396 362 440 402 in
470 361 587 402 ludia
620 361 685 401 vel
717 361 761 400 in
791 360 883 401 aliis
913 359 1029 411 locis,
1061 374 1195 413 neque
1226 374 1355 401 unum
1387 374 1474 401 esse
1505 360 1593 401 irae.
1625 360 1832 413 spiritum,
1863 359 1935 412 qui
1962 357 2139 399 diversis
2192 386 2194 388 -

397 428 439 468 in
469 427 572 469 locis
606 427 794 468 diversos
836 427 1026 467 homines
1069 427 1218 480 agitet;
1261 428 1333 467 sed
1376 428 1477 479 puto
1519 427 1652 479 magis
1694 425 1928 479 principem
1970 423 2140 477 quidem

399 493 688 535 fornicationis
719 494 910 546 spiritum
943 508 1067 534 unum
1100 508 1201 544 esse,
1231 494 1474 534 innumeros
1504 507 1603 534 vero
1642 507 1743 543 esse,
1787 493 1858 545 qui
1898 491 1942 532 in
1982 491 2062 532 hoc
2105 491 2141 532 ei

400 560 540 601 officio
570 562 744 613 pareant
773 562 813 600 et
843 573 918 613 per
949 558 1139 613 singulos
1170 572 1357 613 quosque
1389 559 1579 600 homines
1611 559 1766 600 diversi
1787 559 1960 612 spiritus
1980 558 2056 598 sub
2093 571 2140 599 eo

354 630 374 663 5
399 626 586 679 principe
614 625 838 666 militantes
869 627 923 666 ad
953 625 1244 667 huiuscemodi
1275 640 1344 667 eos
1375 628 1549 679 peccata
1580 624 1822 667 sollicitent.
1881 623 2082 665 Similiter
2102 626 2143 665 et

399 693 638 733 iracundiae
669 692 862 746 spiritum
894 692 1127 746 principem
1158 707 1288 733 unum
1319 707 1408 734 esse
1439 691 1632 741 arbitror,
1663 692 1903 733 innumeros
1933 704 2032 732 vero
2054 704 2142 732 esse

400 759 476 799 sub
507 758 598 812 ipso
630 761 814 812 agentes,
846 759 918 812 qui
947 773 1023 812 per
1054 758 1245 813 singulos
1275 772 1465 812 quosque
1497 754 1688 805 homines
1719 759 1891 799 huiusce
1921 757 2013 798 vitii
2048 771 2143 811 pec-

401 829 492 867 cata
523 827 789 867 succendant.
850 824 1053 866 Similiter
1083 828 1124 867 et
1166 824 1365 867 avaritiae
1407 840 1538 866 unum
1580 839 1670 867 esse
1711 825 1960 879 principem,
2003 825 2062 866 sic
2103 826 2144 865 et

401 892 619 946 superbiae
651 894 691 932 et
721 895 956 933 ceterorum
987 891 1206 934 malorum.
1263 891 1317 933 Et
1346 892 1441 934 ideo
1464 907 1548 933 non
1569 906 1676 933 unus
1707 891 1965 946 principatus
1987 890 2142 932 dicitur
2160 903 2214 928 141
2233 899 2354 927 Lomm.

334 964 377 999 10
401 959 446 1000 in
477 959 697 1000 contrariis
728 959 955 1000 virtutibus
983 959 1035 999 ab
1065 959 1285 1013 Apostolo,
1315 960 1388 1000 sed
1409 958 1563 1012 plures,
1585 960 1807 1000 adversum
1834 972 1938 1011 quos
1959 969 2145 1010 pugnam

402 1025 483 1066 sibi
515 1040 603 1067 esse
634 1028 674 1067 et
703 1026 821 1067 nobis
852 1026 1047 1068 omnibus
1078 1026 1241 1068 scribit.
1299 1025 1403 1067 Esse
1445 1028 1588 1066 tamen
1630 1039 1727 1066 reor
1768 1025 1917 1065 horum
1958 1024 2146 1065 omnium

401 1092 649 1146 principem,
682 1091 796 1134 velut
826 1092 1149 1134 eminentiorem
1182 1094 1393 1147 quendam
1422 1092 1468 1132 in
1497 1092 1686 1146 nequitia
1716 1094 1756 1132 et
1790 1091 1834 1131 in
1872 1089 2026 1132 scelere
2064 1090 2146 1132 cel-

403 1159 570 1210 siorem,
602 1159 673 1213 qui
702 1162 837 1200 totum
869 1161 1086 1210 mundum,
1118 1173 1242 1213 quem
1272 1159 1343 1200 isti
1375 1160 1427 1199 ad
1472 1160 1642 1211 peccata
1678 1158 1834 1211 singuli
1877 1157 2031 1212 quique
2071 1172 2147 1212 per

404 1228 672 1279 peccatorum
702 1225 859 1278 species
890 1240 967 1279 pro
998 1228 1116 1279 parte
1148 1224 1389 1276 sollicitant,
1421 1224 1533 1266 solus
1554 1224 1669 1265 velut
1691 1224 1880 1265 omnium
1905 1224 2147 1278 principum

338 1295 380 1329 15
405 1293 490 1332 dux
521 1294 561 1333 et
589 1292 718 1333 totius
750 1291 957 1332 nefandae
988 1291 1163 1332 militiae
1196 1292 1400 1345 magister
1431 1291 1634 1345 exagitet,
1676 1291 1793 1332 cuius
1822 1289 2016 1346 figuram,
2052 1303 2148 1331 cum

405 1358 524 1401 Iabin
555 1359 871 1409 discuteremus,
900 1372 976 1412 pro
1007 1372 1138 1412 parvo
1167 1357 1475 1412 intelligentiae
1506 1360 1672 1399 nostrae
1705 1360 1828 1411 captu
1859 1357 1904 1397 in
1926 1355 2149 1410 superiori-

405 1425 481 1466 bus
511 1425 796 1479 patefecimus.

517 1494 555 1534 6.
595 1490 703 1533 Puto
733 1506 832 1533 sane
863 1492 962 1545 quia
1002 1482 1154 1533 sancti¹
1177 1491 1330 1545 quique
1371 1493 1655 1545 repugnantes
1696 1492 1920 1532 adversum
1949 1490 2054 1532 istos
2088 1489 2150 1530 in—

407 1561 598 1599 centores
627 1561 895 1611 peccatorum
927 1558 1099 1612 spiritus
1130 1560 1170 1599 et
1199 1558 1414 1599 vincentes
1445 1572 1514 1599 eos
1545 1560 1669 1612 atque
1700 1571 1845 1599 eorum
1874 1570 2150 1611 unumquem-

321 1631 384 1666 -20
409 1639 488 1679 que
519 1627 761 1678 superantes
791 1625 1047 1666 imminuant
1068 1625 1299 1666 exercitum
1322 1626 1574 1666 daemonum
1596 1626 1636 1665 et
1655 1623 1771 1665 velut
1791 1639 1918 1678 quam
1947 1623 2151 1678 plurimos

410 1705 553 1732 eorum
588 1691 845 1734 interimant.
906 1691 1033 1732 Verbi
1075 1705 1200 1733 causa
1247 1694 1307 1742 ut,
1355 1694 1387 1732 si
1428 1692 1500 1745 qui
1541 1694 1652 1732 caste
1693 1691 1928 1744 pudiceque
1970 1690 2151 1731 vivendo

410 1758 700 1800 fornicationis
730 1758 925 1812 spiritum
955 1758 1226 1812 superaverit,
1259 1773 1344 1799 non
1374 1757 1483 1799 ultra
1513 1758 1576 1798 fas
1607 1758 1661 1799 sit
1689 1757 1811 1799 illum
1841 1757 2046 1810 spiritum,
2080 1756 2152 1811 qui

412 1826 462 1866 ab
493 1824 568 1866 illo
598 1827 741 1867 sancto
772 1825 906 1867 victus
938 1828 1011 1876 est,
1042 1824 1294 1879 impugnare
1324 1824 1478 1866 iterum
1515 1824 1644 1866 alium
1673 1824 1900 1875 hominem,
1936 1825 2009 1864 sed
2045 1823 2154 1865 sicut

410 1891 471 1932 illi
502 1892 686 1945 spiritus,
717 1892 789 1946 qui
830 1892 1056 1946 >rogabant
1098 1889 1248 1943 Iesum,
1290 1906 1342 1932 ne
1382 1891 1429 1932 in
1470 1891 1665 1945 abyssum
1706 1890 1998 1940 mitterentur<,
2040 1891 2154 1944 quod

529 2100 578 2134 10
603 2098 680 2143 vgl.
705 2098 836 2144 Ephes.
861 2099 893 2141 6,
920 2098 962 2132 12
987 2118 1030 2122 -
1057 2099 1107 2133 16
1132 2098 1209 2143 vgl.
1234 2098 1331 2133 oben-
1356 2098 1389 2133 S.
1407 2099 1484 2141 377,
1502 2098 1545 2132 23
1569 2116 1612 2121 ——
1640 2097 1689 2133 18
1714 2097 1908 2131 verwandt
1930 2095 1981 2130 ist
2006 2095 2155 2142 Origen.

413 2166 452 2201 in
477 2167 584 2203 Num.
608 2167 705 2202 hom.
732 2167 784 2206 10,
810 2167 847 2207 23
873 2166 928 2208 24,
954 2167 988 2207 1;
1027 2177 1057 2200 c.
1085 2165 1176 2202 Cels.
1201 2166 1232 2207 8,
1257 2165 1318 2200 44:
1355 2161 1438 2201 ἀλλ’
1473 2162 1553 2201 ἐπεὶ
1591 2161 1631 2200 αἱ
1665 2165 1782 2209 ψυχαὶ
1811 2168 1886 2199 τῶν
1911 2165 1969 2198 διὰ
1994 2174 2156 2210 χριστια-

416 2235 550 2278 νισμὸν
585 2234 910 2277 ἀποθνῃσκόντων
935 2260 942 2267 .
961 2260 969 2268 .
984 2259 992 2268 .
1018 2230 1347 2277 ἀπαλλαττόμεναι
1382 2236 1451 2268 τοῦ
1489 2231 1664 2276 σώματος
1687 2227 1887 2277 καθῄρουν
1910 2233 1976 2276 τὴν
2001 2229 2156 2273 δύναμιν

416 2307 490 2338 τῶν
526 2303 714 2346 δαιμόνων
750 2303 814 2337 καὶ
851 2298 1088 2346 ἀτονωτέραν
1126 2299 1251 2337 αὐτῶν
1275 2298 1427 2336 ἐποίουν
1450 2301 1516 2344 τὴν
1540 2301 1638 2336 κατὰ
1663 2304 1741 2335 τῶν
1767 2297 1984 2346 ἀνθρώπων
2008 2296 2155 2343 ἐπιβου-

416 2372 481 2414 λήν
509 2397 517 2405 .
535 2395 544 2405 .
561 2396 569 2404 .
595 2368 835 2416 ἐφοβήθησαν
861 2368 972 2404 πάλιν
996 2368 1100 2414 ἣκειν
1125 2367 1186 2405 ἐπὶ
1208 2368 1252 2404 τὸ
1279 2366 1507 2411 ἀμύνεσθαι;
1531 2367 1640 2412 Bigg,
1664 2367 1729 2402 the
1754 2366 1934 2401 christian
1952 2365 2157 2401 Platonists

418 2439 458 2473 of
478 2437 721 2473 Alexandria2
745 2437 778 2472 S.
803 2438 869 2472 255
894 2457 937 2462 —
965 2438 1015 2473 24
1042 2436 1118 2482 vgl.
1144 2436 1234 2471 Luk.
1260 2436 1291 2478 8,
1317 2438 1360 2472 31

534 2630 553 2663 1
582 2639 699 2672 neque
725 2633 766 2669 -ί-
790 2630 879 2674 puto
905 2629 940 2663 E
1055 2630 1078 2664 3
1115 2640 1227 2663 unum
1254 2634 1297 2666 <
1322 2629 1355 2662 A
1421 2629 1427 2672 Ι
1492 2639 1539 2658 ω
1563 2637 1640 2661 esse
1664 2637 1777 2660 unum
1806 2624 1836 2659 C
1872 2627 1877 2631 ”
1950 2626 1971 2660 5
1998 2625 2036 2660 et
2059 2631 2102 2662 <
2129 2623 2163 2658 E

420 2698 443 2732 6
467 2710 512 2727 Ν
530 2707 608 2730 esse
631 2707 744 2730 unum
764 2697 796 2729 l)
840 2697 844 2740 l
888 2710 934 2728 <xv
959 2696 1120 2732 arbitror
1145 2706 1223 2731 esse
1242 2696 1274 2729 A
1350 2697 1366 2731 7
1394 2693 1649 2730 huiuscemodi
1672 2693 1758 2729 vitii
1782 2693 1837 2737 Ey
1860 2692 2116 2728 huiuscemodi
2140 2691 2159 2725 b

423 2766 445 2801 8
471 2778 516 2795 ω
540 2763 742 2810 principem
769 2774 846 2798 esse
872 2764 907 2797 P
993 2765 1016 2799 9
1043 2763 1190 2798 dicatur
1212 2761 1246 2796 B
1270 2768 1313 2799 <
1339 2762 1376 2795 P
1441 2762 1492 2796 10
1517 2761 1691 2796 adversus
1718 2761 1817 2794 Pbcln
1888 2761 1937 2796 11
1964 2759 2113 2806 scripsit
2131 2759 2167 2793 P

424 2833 472 2868 12
499 2831 618 2867 veluti
644 2832 676 2865 A
733 2832 738 2875 1
792 2831 851 2866 1112
874 2838 917 2869 <
942 2832 1002 2865 An
1119 2831 1169 2866 13
1195 2828 1260 2864 isti
1284 2836 1327 2867 <
1351 2830 1383 2863 A
1451 2830 1457 2873 l
1516 2840 1578 2874 per
1602 2834 1645 2865 <
1669 2828 1705 2861 P
1811 2829 1860 2863 14
1886 2827 2038 2874 species]
2062 2826 2160 2872 prin-

422 2900 519 2946 cipes
545 2901 577 2934 A
620 2899 625 2944 Ι
669 2899 729 2934 vel
754 2900 786 2932 A
905 2899 955 2934 18
982 2900 1158 2934 adversus
1183 2897 1467 2940 FPn,Acd.Del.
1575 2894 1626 2931 19
1652 2894 1803 2940 spiritus
1829 2924 1836 2931 .
1855 2922 1863 2930 .
1881 2921 1890 2930 .
1914 2905 1976 2930 eos
2000 2901 2043 2932 <
2067 2894 2100 2928 A
2153 2894 2158 2937 ἱ

421 2969 551 3003 horum
578 2967 614 3001 Ε
704 2966 784 3001 19Ῐ“
802 2976 983 3011 quemque
1008 2967 1041 3000 A
1134 2965 1185 3001 20
1211 2965 1334 3009 quam]
1359 2975 1472 3008 equos
1501 2963 1531 2997 (J
1621 2963 1669 2998 21
1698 2962 1729 2998 si
1753 2963 1828 2998 Bae
1857 2963 1889 2998 is
1913 2959 2160 3004 ABODEFP,

423 3036 501 3071 Ald.
517 3036 589 3070 Del.
685 3035 734 3069 22
761 3046 806 3064 Ν
831 3032 1000 3078 spiritum
1024 3031 1284 3068 fornicationis
1309 3032 1344 3067 P
