2373 3522
265 1034 306 1067 10

265 1370 305 1402 15

333 329 410 370 118
1119 325 1297 370 Origenes

332 440 526 491 poterant
575 437 778 479 coronari.
839 435 880 477 Si
932 438 1041 478 enim
1091 436 1366 478 daemonibus
1413 436 1632 478 auferatur
1680 435 1852 477 libertas
1902 434 2079 486 arbitrii,

331 503 468 545 nullus
509 504 619 544 ultra
656 503 921 557 impugnabit
953 502 1131 544 athletas
1162 502 1337 551 Christi3
1379 501 1495 544 nullo
1527 505 1663 543 autem
1696 503 1972 557 impugnante
2003 515 2080 542 nec

332 573 543 611 certamen
573 568 743 622 aliquod
776 569 854 610 erit
885 572 926 610 et
955 569 1119 611 sublato
1151 569 1379 610 certamine
1409 567 1571 609 nullum
1593 570 1671 609 erit
1691 569 1936 623 praemium,
1966 566 2080 608 nulla

330 636 514 677 victoria.
565 634 728 676 Idcirco
759 636 889 689 igitur
917 634 992 676 tali
1022 636 1089 676 via
1120 635 1253 676 utitur
1283 633 1409 685 Deus,
1441 637 1485 675 ut
1517 637 1556 675 et
1585 634 1765 689 populus
1795 635 1934 676 adhue
1963 633 2081 675 rudis

284 729 290 737 ·
331 706 370 744 et
413 703 484 756 qui
527 717 661 755 nuper
702 702 890 743 abstrahi
933 705 1127 756 coeperat
1169 718 1192 742 a
1234 700 1348 743 cultu
1381 702 1647 752 daemonum,
1690 701 1966 743 daemonibus
1996 715 2080 742 non

330 771 533 819 tradatur,
578 771 617 809 et
657 769 873 810 invocanti
914 781 1038 822 mago
1080 782 1280 822 responsa
1323 767 1568 808 deferantur
1598 762 1638 808 et
1668 779 1799 820 genus
1830 769 2080 808 daemonum

330 851 414 877 non
452 836 636 876 nudetur
673 835 834 875 arbitrii
865 838 1085 888 potestate.
1142 835 1199 875 Et
1227 834 1322 875 ideo
1353 834 1572 888 praevenit
1601 833 1714 874 Deus
1746 836 1785 874 et
1814 833 1875 874 ire
1906 833 2080 874 Balaam

331 905 455 956 atque
486 902 686 942 invocare
718 903 946 943 daemonas
978 904 1030 942 ad
1060 900 1395 942 maledicendum
1427 899 1634 953 prohibet,
1677 899 1712 940 si
1739 902 1881 940 tamen
1911 915 1934 940 a
1964 900 2081 954 cupi-

331 969 461 1010 ditate
505 970 717 1009 cessasset.
777 967 859 1008 Sed
901 968 997 1021 quia
1039 969 1225 1021 persistit
1264 969 1308 1008 in
1351 967 1558 1007 desiderio
1595 966 1812 1019 pecuniae,
1854 965 2087 1020 indulgens

332 1035 444 1075 Deus
487 1034 652 1074 arbitrii
689 1033 880 1075 libertati
910 1048 1055 1075 rursus
1084 1035 1146 1075 ire
1175 1033 1394 1088 permittit,
1436 1032 1610 1073 verbum
1639 1034 1782 1073 tamen
1811 1047 1930 1073 suum
1961 1032 2083 1072 inicit

330 1102 373 1141 in
405 1115 450 1142 os
482 1100 569 1141 eius
599 1099 825 1154 prohibens
857 1099 1196 1142 maledictionem
1225 1100 1317 1140 fieri
1347 1113 1423 1154 per
1454 1100 1694 1149 daemonas,
1736 1101 1783 1139 ut
1822 1098 2081 1140 benedictio-

331 1167 453 1208 nibus
484 1166 623 1208 locum
654 1168 786 1217 daret,
817 1169 857 1208 et
879 1181 955 1221 pro
977 1166 1210 1208 maledictis
1237 1166 1428 1220 proferre
1450 1166 1552 1206 facit
1573 1164 1745 1206 Balaam
1767 1165 2080 1206 benedictiones

331 1249 377 1275 ac
408 1233 662 1287 prophetias,
694 1247 799 1287 quae
829 1229 992 1287 possint
1012 1233 1235 1274 aedificare
1256 1247 1342 1274 non
1363 1232 1498 1274 solum
1519 1231 1712 1283 Istrahel,
1745 1233 1818 1280 sed
1840 1234 1880 1272 et
1900 1230 2083 1285 reliquas

333 1302 490 1354 gentes.
551 1299 595 1341 Si
633 1300 744 1340 enim
780 1300 1025 1354 prophetiae
1063 1301 1149 1341 eius
1180 1316 1204 1340 a
1233 1300 1377 1353 Moyse
1408 1299 1539 1340 sacris
1569 1299 1749 1339 insertae
1781 1301 1878 1339 sunt
1907 1297 2084 1338 volumi-

331 1367 465 1417 nibus,
497 1369 654 1420 quanto
686 1368 821 1421 magis
852 1368 1086 1420 descriptae
1117 1369 1214 1407 sunt
1245 1366 1295 1406 ab
1326 1366 1404 1416 his,
1441 1366 1513 1419 qui
1543 1364 1788 1405 habitabant
1817 1366 1917 1405 tunc
1947 1364 2082 1405 Meso-

331 1433 563 1486 potamiam,
605 1435 717 1486 apud
761 1447 865 1486 quos
896 1432 1144 1486 magnificus
1175 1432 1410 1472 habebatur
1440 1431 1613 1471 Balaam
1646 1445 1832 1484 quosque
1863 1431 1963 1471 artis
1995 1430 2082 1471 eius

332 1502 496 1541 constat
537 1499 666 1540 fuisse
709 1499 967 1552 discipulos?
1026 1498 1089 1539 Ex
1131 1498 1204 1539 illo
1248 1498 1425 1551 denique
1462 1497 1597 1538 fertur
1627 1509 1848 1550 magorum
1878 1509 2010 1551 genus
2041 1499 2082 1538 et

330 1566 538 1607 institutio
580 1567 624 1606 in
667 1566 857 1619 partibus
889 1564 1072 1606 Orientis
1115 1566 1270 1619 vigere,
1312 1564 1383 1618 qui
1425 1564 1634 1617 descripta
1663 1563 1865 1604 habentes
1895 1565 2007 1617 apud
2038 1577 2081 1604 se

333 1633 486 1683 omnia,
518 1647 623 1686 quae
651 1632 978 1685 prophetaverat
999 1631 1187 1682 Balaam,
1219 1631 1347 1672 etiam
1369 1630 1447 1671 hoc
1469 1630 1706 1671 habuerunt
1727 1630 1929 1683 scriptum
1951 1631 2081 1683 quod:

335 1699 518 1741 »orietur
554 1697 674 1739 stella
709 1713 757 1738 ex
789 1697 927 1749 Iacob,
972 1700 1012 1739 et
1043 1700 1238 1751 exsurget
1267 1697 1394 1738 homo
1426 1711 1473 1737 ex
1505 1695 1723 1739 Istrahel«.
1783 1695 1899 1737 Haec
1928 1696 2082 1750 scripta

2103 1175 2159 1202 156
2177 1176 2289 1204 Lomm

331 1765 544 1807 habebant
573 1765 688 1817 magi
719 1766 831 1818 apud
862 1767 992 1805 semet
1021 1765 1134 1818 ipsos
1166 1767 1206 1805 et
1235 1763 1344 1814 ideo,
1375 1765 1544 1817 quando
1566 1765 1688 1804 natus
1711 1765 1772 1803 est
1792 1761 1920 1813 Iesus,
1951 1774 2081 1816 agno·
2149 1796 2154 1797 γ

332 1834 481 1873 verunt
512 1831 676 1872 stellam
708 1834 747 1872 et
777 1831 1074 1872 intellexerunt
1104 1829 1327 1884 adimpleri
1357 1829 1635 1883 prophetiam,
1678 1829 1813 1882 magis
1843 1829 1925 1882 ipsi
1956 1843 2082 1882 quam

332 1899 510 1953 populus
540 1898 734 1948 Istrahel,
778 1898 849 1953 qui
881 1900 1121 1939 sanctorum
1151 1897 1452 1950 prophetarum
1484 1896 1627 1936 audire
1659 1896 1787 1936 verba
1819 1896 2082 1949 contempsit.

332 1965 399 2007 Illi
442 1979 541 2020 ergo
586 1980 634 2006 ex
677 1965 742 2005 his
771 1967 949 2015 tantum,
994 1979 1100 2018 quae
1131 1963 1308 2004 Balaam
1339 1962 1494 2015 scripta
1524 1961 1766 2015 reliquerat,
1810 1964 2084 2015 agnoscentes

287 2045 300 2068 ί
332 2034 475 2073 adesse
506 2034 683 2085 tempus,
728 2034 931 2073 venerunt
974 2033 1014 2072 et
1044 2031 1304 2084 requirentes
1335 2043 1429 2070 eum
1460 2029 1600 2069 statim
1630 2030 1913 2069 adoraverunt
1943 2031 1996 2080 et,
2038 2031 2084 2069 ut

276 2150 282 2154 Ι
332 2098 458 2139 fidem
501 2112 616 2139 suam
660 2109 859 2151 magnam
903 2112 990 2138 esse
1033 2097 1309 2148 declararent,
1352 2109 1530 2149 parvum
1572 2108 1749 2148 puerum
1791 2094 1910 2148 quasi
1938 2107 2081 2148 regem

333 2165 518 2206 venerati
551 2167 658 2206 sunt.

446 2233 481 2273 8.
524 2230 607 2273 Sed
648 2233 869 2273 redeamus
912 2233 965 2272 ad
1007 2231 1282 2284 propositum.
1347 2229 1550 2270 Molestus
1593 2230 1655 2268 est
1694 2227 1784 2268 Deo
1828 2226 2001 2267 Balaam
2045 2230 2085 2267 et

335 2300 555 2352 extorquet
596 2300 903 2352 propemodum
945 2297 1132 2351 permitti
1175 2295 1265 2347 sibi,
1307 2298 1352 2336 ut
1385 2298 1451 2336 eat
1492 2293 1743 2335 maledicere
1774 2293 1875 2334 filiis
1904 2291 2085 2334 Istrahel

448 2444 471 2477 9
486 2442 562 2487 vgl.
577 2442 683 2477 Num.
697 2443 751 2483 22,
761 2442 804 2477 20
817 2462 861 2468 —-
876 2443 928 2477 20
940 2441 1173 2485 Num.24,17,
1186 2440 1261 2485 vgl.
1275 2440 1370 2474 auch
1383 2439 1608 2481 Matth.2‚2;·
1619 2438 1767 2483 Origen.
1784 2437 1854 2473 Sel.
1867 2436 1906 2471 in
1920 2436 2028 2472 Num.
2041 2437 2085 2472 22

337 2510 381 2553 (X
400 2510 465 2544 156
484 2510 652 2553 Lomm.):
679 2510 780 2544 Φασὶ
805 2509 872 2545 τὸν
891 2510 1048 2552 Βαλαὰμ
1075 2504 1172 2554 ἔχειν
1197 2509 1376 2553 φοιτητὰς
1393 2535 1401 2543 .
1420 2533 1427 2541 .
1447 2533 1454 2541 .
1472 2506 1783 2553 μαθητεύσαντας
1809 2504 1910 2553 αὐτῷ
1935 2531 1943 2539 .
1963 2530 1971 2539 .
1989 2530 1997 2538 .
2021 2505 2085 2540 καὶ

336 2577 449 2619 δόξαν
475 2578 561 2622 περὶ
587 2576 701 2612 αὐτοῦ
727 2573 878 2621 ἔχοντας
904 2574 1204 2622 ἀντιγράψασθαι
1230 2576 1296 2616 τὰς
1321 2574 1553 2619 προφητείας
1578 2572 1691 2610 αὐτοῦ
1709 2575 1774 2608 καὶ
1789 2575 2020 2616 καταλιπεῖν,
2046 2569 2085 2607 ἐν

338 2639 395 2686 αἶς
420 2645 484 2680 καὶ
508 2644 569 2679 τὸ·
600 2642 799 2680 »ἀνατελεῖ
818 2641 992 2690 &torpor-<n
1043 2642 1062 2678 ὃ
1088 2645 1151 2679 καὶ
1176 2641 1218 2678 ἐκ
1242 2645 1424 2687 πατρικῆς
1448 2642 1699 2688 παραδόσεως
1725 2668 1732 2675 .
1751 2668 1758 2675 .
1777 2666 1785 2674 .
1802 2639 2087 2685 παραλαβόντες

338 2709 373 2747 οἱ
399 2713 527 2757 Μάγοι
553 2710 613 2747 ἐπὶ
643 2714 709 2757 τὴν
736 2711 909 2756 Βηθλεὲμ
947 2709 1220 2756 παρεγένοντο;
1257 2709 1333 2754 vgl.
1359 2709 1526 2744 Ambros.
1554 2709 1686 2754 Expos.
1711 2708 1855 2752 Evang.
1882 2706 1967 2742 Luc.
1992 2707 2025 2740 II
2041 2706 2086 2741 48

339 2780 370 2814 S.
388 2780 442 2823 67,
459 2781 503 2815 25
522 2780 620 2820 Sch.;
657 2779 790 2815 Euseb.
816 2780 958 2824 quaest.
984 2791 1114 2824 evang.
1141 2779 1218 2821 281,
1236 2778 1296 2819 18;
1335 2777 1502 2819 eumont,
1539 2777 1698 2811 Monum.
1735 2775 1800 2810 rel.
1839 2786 1885 2809 au
1916 2774 2016 2809 culte
2041 2774 2085 2807 de

338 2847 475 2881 Mithra
502 2848 518 2881 I
535 2849 597 2883 341
618 2848 730 2891 (162);
758 2847 942 2889 Geffckem
968 2847 1091 2882 Herm.
1117 2847 1160 2882 49
1178 2847 1295 2890 (1914)
1323 2846 1356 2880 S.
1374 2846 1427 2888 67,
1445 2846 1488 2880 25
2019 2846 2022 2847 ⁷

455 2971 477 3004 2
503 2970 747 3016 impugnante
771 2970 804 3013 sl,
830 2969 905 3014 vgl.
931 2968 1179 3015 impugnabit,
1205 2969 1396 3014 pugnante
1413 2968 1445 3001 A
1473 2967 1710 3012 oppugnante
1727 2964 1860 2999 BOEw
1954 2964 1977 2999 8
2003 2964 2085 2998 dae·
2113 2980 2116 2983 >

340 3048 465 3071 mones
481 3037 623 3081 BDaJk,
639 3038 717 3072 ΑΜ.
731 3038 804 3072 Del.
902 3038 950 3073 11
981 3037 1176 3072 daemones
1194 3035 1361 3079 ABODk,
1375 3035 1456 3069 Αἶά.
1470 3033 1544 3068 Del.
1641 3033 1690 3067 12
1707 3031 1798 3067 fecit
1815 3031 1870 3066 El.-
1942 3030 1990 3066 13
2006 3041 2086 3075 pos-

340 3106 426 3139 sunt
454 3105 491 3144 15,
508 3106 581 3140 Del.
679 3106 728 3140 15
754 3107 844 3140 tunc
870 3110 910 3145 -θ-
937 3116 1018 3139 eum
1045 3115 1086 3138 eo
1113 3104 1146 3137 Β

2352 3379 2373 3492 ..a—glaz
2368 3338 2373 3362 μ.
2360 3272 2373 3303 -ζ
2366 3228 2373 3258 -μ
