2373 3314
327 226 403 261 510
1103 210 1279 256 Origenes

958 380 1303 428 HOMILIA
1346 380 1424 426 IX.

378 498 477 537 116111
511 497 667 549 reliqua
699 498 748 536 de
781 495 951 536 Gedeon
984 495 1023 534 et
1052 494 1101 533 de
1134 491 1306 546 proelio,
1335 495 1449 546 quod
1481 491 1652 534 Gedeon
1682 507 1771 534 eum
1802 493 2002 534 trecentis

1028 560 1158 612 gessit
1189 559 1344 600 electis.

434 667 463 703 1.
495 661 649 716 Ingens
675 664 764 702 erat
787 660 1026 711 multitudo,
1058 674 1162 713 quae
1185 661 1407 700 adversum
1430 657 1611 700 Istrahel
1630 658 1769 700 fuerat
1789 660 2061 713 congregata,

277 735 295 763 Γ»
321 730 375 769 ita
406 731 450 769 ut
479 728 680 770 ›locustis‹
721 741 818 780 prae
850 726 1116 767 multitudine
1150 725 1425 767 conferretur.
1487 724 1566 765 »Et
1595 723 1767 766 cameli«
1800 725 1938 779 inquit
1970 739 2063 767 »eo-

322 810 411 835 rum
455 795 560 835 sieut
602 809 740 844 arena,
783 808 887 847 quae
931 795 991 833 est
1032 794 1083 833 ad
1116 806 1233 832 oram
1263 791 1392 832 maris
1421 790 1782 833 innumerabilis«.
1842 791 2062 848 Quomodo

256 907 263 916 ⁸
321 874 419 915 ergo
451 861 551 901 haec
577 860 760 913 potuerit
779 862 859 900 tam
881 860 1100 899 innumera
1131 858 1314 899 hostium
1345 856 1570 899 multitudo
1592 858 1795 911 superari,
1825 858 2061 900 videamus:

254 1068 295 1102 10

254 1730 296 1760 211

321 929 519 978 exierunt,
549 927 699 980 inquit,
731 928 812 967 duo
845 928 884 966 et
913 925 1086 978 triginta
1116 924 1231 965 milia
1261 926 1520 966 armatorum
1553 938 1602 965 ex
1631 923 1730 965 filiis
1758 922 1939 966 Istrahel
1967 938 2062 966 oum

321 993 511 1034 Gedeone
542 995 762 1033 adversum
792 993 913 1033 istam
946 1006 1112 1033 omnem
1143 990 1454 1032 multitudinem
1484 990 1724 1044 pugnaturi.
1772 989 1828 1031 Et
1855 990 1970 1032 Deus
1999 1005 2064 1033 re-

320 1074 470 1112 sponsa
512 1060 627 1100 dedit
668 1061 720 1099 ad
753 1058 922 1099 Gedeon
963 1059 1123 1099 dicens:
1171 1057 1367 1110 »grandis
1410 1055 1635 1098 multitudo
1679 1059 1741 1099 est
1768 1059 1949 1098 tecum«.
2007 1055 2135 1098 Et277
2154 1061 2274 1091 Lomm.
2317 1087 2330 1111 3

320 1127 419 1180 quid
451 1127 483 1166 si
513 1126 700 1179 >grandis
732 1127 793 1165 est
824 1124 1091 1165 multitudo‹‘?
1149 1121 1302 1164 Nonne
1332 1124 1376 1163 in
1406 1122 1529 1164 bellis
1559 1122 1826 1165 numerosior
1855 1123 2063 1165 exereitus

320 1195 504 1246 praestat
534 1193 690 1233 tutiora
721 1191 935 1232 subsidia?
993 1189 1286 1244 Nequaquam,
1317 1189 1468 1243 inquit,
1498 1189 1594 1243 quia
1624 1204 1709 1231 non
1739 1189 1846 1231 sieut
1865 1189 2062 1241 humana,

320 1259 377 1299 ita
409 1261 449 1299 et
479 1258 621 1298 diviua
652 1257 811 1311 proelia
840 1259 1114 1311 peraguntur.
1173 1254 1271 1297 Non
1303 1255 1485 1297 efficitur
1515 1255 1675 1297 clarum
1705 1256 1874 1297 divinae
1895 1255 2063 1297 virtutis

320 1339 435 1378 opus,
478 1325 509 1366 si
553 1325 746 1365 humanis
789 1322 1054 1364 adminiculis
1096 1321 1306 1374 fulciatur,
1349 1322 1466 1377 quia:
1509 1336 1619 1364 »non
1659 1323 1708 1363 fit
1748 1321 1888 1364 salvus
1917 1336 1991 1364 rex
2019 1322 2063 1364 in

275 1399 294 1429 5·
321 1391 585 1432 multitudine
616 1391 783 1432 virtutis
814 1404 953 1431 suae«.
994 1388 1059 1430 Ne
1090 1389 1198 1431 forte
1231 1400 1331 1443 ergo
1364 1388 1618 1444 gloriaretur
1637 1388 1818 1431 lstrahel
1847 1391 1888 1430 et
1907 1389 2063 1430 iaetan—

319 1458 375 1498 tia
405 1457 599 1498 victoriae
631 1459 792 1510 partem
822 1458 1121 1510 praesumeret,
1162 1457 1385 1510 propterea
1422 1453 1523 1497 dicit
1551 1455 1757 1497 Dominus
1788 1457 1841 1496 ad
1871 1454 2061 1498 Gedeon:

324 1522 500 1564 »multus
532 1525 593 1564 est
627 1522 806 1577 populus
835 1526 994 1571 teeum3
1037 1538 1121 1564 non
1163 1524 1327 1563 tradam
1358 1523 1529 1563 Madian
1558 1521 1598 1562 in
1631 1536 1779 1563 manus
1811 1535 1968 1573 eorum,
2009 1536 2061 1563 ne

320 1590 426 1631 forte
469 1588 648 1630 exsultet
690 1591 911 1631 adversum
934 1604 1019 1644 nme
1049 1588 1229 1632 Istrahel
1271 1590 1416 1630 dicens
1458 1588 1556 1643 quia
1597 1603 1614 1630 1
1643 1603 1746 1630 anus
1776 1603 1869 1630 mea
1898 1588 2062 1630 salvum

324 1671 384 1696 1116
415 1656 524 1697 feeit.
582 1654 810 1709 Propterea
840 1655 1012 1710 loquere
1042 1656 1087 1696 in
1117 1656 1289 1696 auribus
1319 1654 1463 1710 populi
1496 1656 1655 1697 dicens:
1699 1655 1770 1710 qui
1798 1655 1970 1697 timidus
2001 1658 2062 1697 est

322 1724 360 1763 et
402 1721 699 1764 formidolosus
739 1725 876 1774 corde,
918 1724 1165 1764 revertatur.
1224 1721 1279 1763 Et
1319 1722 1477 1764 reversi
1519 1724 1616 1763 sunt
1646 1724 1699 1764 de
1727 1724 1869 1763 monte
1900 1720 2061 1774 Galaacl

322 1803 368 1829 ex
398 1788 553 1842 populo
584 1789 735 1843 viginti
766 1791 847 1831 duo
877 1789 994 1830 milia
1023 1789 1115 1840 viri,
1148 1791 1188 1830 et
1218 1791 1511 1830 remanserunt
1541 1790 1685 1830 decem
1715 1788 1870 1830 milia«.
1909 1787 2060 1830 Videa-
2129 1840 2132 1841 ⁷

254 1861 260 1865 ’
320 1870 410 1895 mus
443 1867 541 1908 ergo
572 1857 721 1909 primo,
754 1856 851 1909 quid
885 1858 957 1909 est,
988 1857 1102 1910 quod
1133 1856 1252 1897 dicit:
1288 1855 1484 1897 »timidus
1506 1857 1546 1896 et
1564 1855 1865 1897 formidolosus
1887 1857 2058 1905 corde«;

320 1922 401 1962 duo
433 1922 543 1962 enim
575 1924 779 1975 quaedam
801 1923 913 1963 dicta
939 1925 1048 1974 sunt,
1080 1923 1230 1976 quibus
1260 1923 1453 1976 arguitur
1481 1923 1666 1963 humana
1686 1921 1903 1976 fragilitas,
1931 1922 1978 1963 id
1998 1924 2060 1964 est

434 2060 456 2094 5
482 2059 548 2103 vgl
570 2058 652 2092 Jud.
678 2059 708 2101 6,
734 2061 754 2094 :3
778 2079 822 2083 —-
846 2059 930 2094 Jud.
955 2059 985 2103 6,
1011 2061 1030 2094 ὖ
1055 2071 1090 2094 u.
1116 2060 1226 2094 Hebr.
1252 2061 1305 2102 11,
1334 2060 1375 2094 12
1400 2081 1443 2085 —-
1469 2060 1492 2095 8
1517 2059 1591 2106 vgl.
1617 2061 1701 2095 Jud.
1728 2062 1758 2103 7,
1783 2061 1804 2095 3
1828 2080 1873 2086 —-
1899 2060 1949 2096 10
1974 2060 2057 2095 Jud.

319 2127 348 2166 T,
374 2126 394 2159 ἵ.)
418 2145 461 2150 ——
488 2127 537 2161 14
563 2126 610 2160 Ps
647 2127 690 2161 32
709 2127 790 2170 (33),
816 2128 858 2162 16
883 2147 926 2151 ——
954 2129 1000 2163 17
1029 2128 1111 2162 Jud.
1139 2129 1168 2170 7,
1194 2128 1281 2163 2-3
1307 2148 1350 2152 —
1376 2129 1426 2163 22
1453 2140 1488 2163 11.
1515 2127 1548 2162 S.
1567 2128 1658 2177 517,
1677 2129 1698 2163 1
1725 2127 1807 2162 Jud.
1832 2129 1864 2170 7,
1890 2129 1910 2163 3
1935 2127 2058 2172 (eorde

318 2192 409 2227 fehlt
433 2192 472 2227 in
498 2193 561 2227 der
591 2193 710 2238 Bibel)

432 2317 452 2350 2
479 2314 569 2349 item
598 2321 637 2356 ÷
662 2315 701 2350 in
726 2316 828 2350 DEti
962 2319 984 2354 5
1021 2329 1108 2363 prae
1137 2317 1296 2362 GEJM.
1322 2329 1387 2363 pro
1413 2318 1550 2352 ADFG
1618 2319 1623 2362 l
1690 2320 1943 2355 conferrentur
1969 2319 2044 2363 AO,

320 2381 399 2423 Del„
437 2381 604 2426 riehtig‘?
643 2384 851 2419 conferatur
893 2385 920 2418 [ι’
1059 2386 1074 2420 7
1109 2398 1154 2416 Ν
1189 2385 1351 2430 potuerit
1387 2386 1479 2421 haee
1515 2386 1552 2421 F
1611 2387 1615 2430 Ι
1681 2386 1965 2431 innumerabilis
2001 2385 2058 2420 Al„-

319 2452 341 2483 9
380 2450 553 2484 adversus
581 2450 709 2491 ΕΗΓΖ.
765 2453 770 2495 Ι
825 2465 870 2484 ω
895 2463 1037 2487 6111116111
1075 2452 1186 2487 istam
1216 2453 1339 2496 QDel.
1406 2453 1411 2498 1
1478 2454 1730 2500 adpugnaturi
1758 2454 1789 2490 G
1825 2463 1990 2499 pugnare
2018 2452 2055 2496 Ο,

321 2517 389 2551 Del.
487 2518 534 2552 11
564 2517 607 2562 si]
635 2519 685 2553 sit
710 2520 741 2552 A
786 2520 792 2563 Ι
836 2521 889 2554 est
916 2527 958 2557 <
983 2520 1014 2553 A
1111 2521 1160 2556 12
1187 2520 1294 2566 siout]
1321 2522 1408 2556 sunt
1432 2533 1451 2555 0
1533 2523 1583 2557 13
1609 2521 1664 2557 ita
1688 2523 1725 2557 et
1749 2521 1878 2557 divina
1902 2528 1945 2559 <
1972 2521 2003 2557 O
2049 2521 2073 2566 l⁴

317 2585 544 2628 peraguntur
569 2592 610 2622 <
641 2586 669 2620 C
690 2588 902 2631 pugnantur
928 2588 959 2620 A
1077 2589 1126 2622 14
1152 2599 1225 2623 non
1252 2614 1260 2622 .
1279 2615 1286 2623 .
1306 2614 1313 2622 .
1340 2589 1389 2624 15
1415 2600 1501 2624 suae
1528 2596 1572 2626 <
1595 2589 1630 2624 Ε
1745 2591 1795 2626 14
1832 2589 1886 2634 fit]
1913 2589 1964 2624 sit
1990 2588 2059 2625 OG.

321 2653 368 2687 15
394 2651 614 2686 iactantiam
643 2654 730 2687 „Hir
825 2656 872 2690 16
900 2656 1003 2700 parte
1031 2656 1155 2689 illisio
1249 2656 1297 2690 17
1325 2657 1449 2691 tecum
1474 2661 1514 2698 -1-
1539 2657 1583 2692 ut
1603 2657 1646 2701 G,
1672 2656 1858 2704 richtig‘?‚
1885 2654 1980 2694 ὥστε
2003 2657 2053 2702 μὴ

318 2721 550 2762 παραδοῦναι
581 2719 627 2754 O'
652 2722 795 2757 (anders
820 2722 944 2767 Vulg)
1056 2723 1104 2758 18
1130 2734 1232 2758 meae
1258 2724 1289 2757 A
1385 2725 1434 2760 19
1459 2724 1625 2760 fecerunt
1653 2725 1686 2759 A
1786 2726 1833 2761 21
1862 2724 1918 2770 ex]
1943 2725 1988 2760 de
2017 2723 2054 2767 O,
2098 2739 2102 2741 >

321 2786 401 2828 l)r*'.,
427 2787 521 2821 nach
547 2788 610 2822 der
636 2788 745 2834 Vulg.
789 2789 793 2830 l
838 2790 908 2824 viri
932 2797 975 2828 <
1001 2791 1033 2824 A
1106 2791 1155 2825 22
1179 2791 1330 2826 timidos
1356 2792 1394 2826 et
1417 2791 1631 2827 formidolos
1657 2792 1762 2826 DEG
1845 2793 1894 2828 23
1920 2791 2055 2837 quibus

318 2880 349 2888 ..
369 2880 376 2887 .
403 2854 602 2899 fragilitas]
628 2856 808 2891 humanae
832 2858 1051 2903 fragilitatis
1077 2859 1109 2892 A
1134 2859 1317 2893 humanae
1340 2859 1561 2904 fragilitatis
1585 2859 1726 2895 indicia
1755 2859 1792 2903 Ο,
1828 2871 1895 2895 vor
1920 2859 2054 2905 quibus

320 2932 388 2955 von
416 2922 487 2955 Del.
512 2922 759 2969 hinzugefiigt
817 2926 822 2968 Ι
881 2927 936 2960 est
962 2932 1002 2967 -1-
1029 2926 1118 2970 quid
1146 2927 1172 2959 A
1201 2931 1242 2967 —}-
1269 2926 1449 2971 quaedam
1476 2927 1513 2961 F
1533 2932 1573 2968 —}—
1600 2927 1750 2973 quidam
1780 2926 1925 2972 ODEG,
1948 2926 2055 2973 nicht
2112 2953 2116 2956 -

320 2988 456 3033 richtig
