2341 3382
740 252 778 286 in
804 251 881 288 Lib.
908 251 1072 286 ludicum
1096 252 1259 287 Homilia
1284 252 1326 294 II,
1352 252 1438 286 1—2
1885 253 1963 292 473

226 367 262 408 Α
291 367 445 407 sanctis
475 378 573 406 vero
605 377 894 418 quaecumque
925 364 1044 414 fiunt,
1076 363 1266 405 Christus
1298 366 1360 405 est
1389 364 1459 417 qui
1503 378 1550 403 ea
1592 362 1746 404 dicitur
1788 363 1964 415 operari,

226 432 333 474 sicut
362 434 403 473 et
423 430 650 485 Apostolus
681 431 799 471 dicit:
835 430 998 471 »omnia
1028 445 1198 483 possum
1228 431 1270 470 in
1303 445 1364 480 eo,
1396 430 1466 483 qui
1497 444 1561 470 nie
1593 429 1817 478 confortat,
1849 426 1965 469 Chri-

226 502 330 542 sto«.
387 497 472 540 Sed
502 500 541 538 et
571 497 658 551 ipse
691 496 897 538 Dominus
927 497 970 537 in
1001 496 1230 550 evangeliis
1263 498 1312 537 de
1345 497 1422 538 hoc
1444 497 1753 536 distinctionem
1775 494 1966 548 pulcher-

225 566 375 607 rimam
417 564 546 614 dedit,
589 577 682 604 cum
726 563 844 605 dicit:
893 564 1168 617 »quicumque
1212 563 1427 605 confessus
1467 563 1594 604 fuerit
1635 562 1677 602 in
1719 576 1783 602 me
1826 575 1965 602 coram

180 639 201 672 ὃ
226 631 480 681 hominibus,
512 633 553 671 et
583 642 662 683 ego
695 629 928 672 confitebor
959 631 1001 671 in
1033 644 1081 671 eo
1113 644 1253 671 coram
1286 632 1403 684 patre
1435 643 1540 680 meo,
1572 629 1642 681 qui
1673 631 1735 669 est
1765 628 1807 668 in
1830 626 1966 668 coelis.

226 697 305 747 Qui
335 699 473 738 autem
505 697 724 750 negaverit
754 711 818 736 me
851 710 990 737 coram
1023 696 1274 745 hominibus,
1307 699 1345 736 et
1383 707 1460 749 ego
1496 695 1658 748 negabo
1696 708 1788 734 eum
1827 707 1966 734 corani

225 766 342 819 patre
373 778 508 805 meo«.
566 762 717 804 Vidisti
749 764 846 817 quia
876 762 1140 804 >confitentes
1181 763 1223 803 in
1266 765 1397 803 semet
1438 762 1548 815 ipsc<
1589 762 1694 801 dixit
1734 760 1967 808 >confiteri<,

225 830 350 885 quasi⁴
374 830 446 884 qui
474 829 562 883 ipse
593 830 636 870 in
665 829 716 869 iis
747 830 861 870 vivat
891 831 931 870 et
963 831 1159 882 operetur
1187 842 1315 882 opera
1345 829 1468 869 vitae.
1527 826 1574 868 In
1607 827 1671 867 his
1702 830 1851 876 autem,
1881 826 1968 878 >qui

225 899 409 950 negant<‚
440 911 526 937 non
555 895 690 936 tenuit
721 897 896 936 eandem
938 895 1057 936 verbi
1099 894 1431 944 similitudinem,
1476 898 1521 934 ut
1561 895 1718 934 diceret
1760 894 1856 945 quia
1898 892 1968 944 qui

160 968 203 1002 10
227 963 445 1018 negaverit
473 962 517 1003 in
547 977 627 1014 me,
660 965 701 1003 et
732 975 809 1016 ego
840 963 1003 1015 negabo
1034 963 1077 1002 in
1109 976 1216 1012 eum,
1248 963 1321 1003 sed
1356 961 1449 1015 »qui
1482 961 1697 1014 negaverit
1730 973 1794 1000 me
1828 972 1968 1000 eoram

227 1030 481 1080 hominibus,
512 1032 553 1070 et
583 1042 662 1083 ego
693 1029 856 1082 negabo
889 1042 982 1069 eum
1013 1042 1156 1070 coram
1186 1031 1305 1082 patre
1337 1042 1469 1078 meo«,
1512 1030 1558 1067 ut
1589 1027 1827 1068 ostenderet
1863 1027 1970 1079 quia,

228 1097 298 1150 qui
326 1098 485 1150 >negat‹
516 1095 685 1149 quidem
718 1109 774 1146 se,
807 1097 924 1136 extra
956 1095 1094 1148 ipsum
1127 1097 1200 1145 est,
1243 1095 1313 1148 qui
1345 1097 1483 1135 autem
1513 1092 1778 1142 >confitetur<,
1809 1093 1851 1132 in
1880 1093 1971 1146 ipso

228 1165 300 1205 est.
359 1161 589 1216 Propterea
620 1175 722 1216 ergo
754 1164 794 1202 et
823 1161 891 1202 hic
921 1160 1138 1214 Scriptura
1169 1161 1270 1202 dicit
1301 1161 1410 1214 quia,
1453 1174 1548 1201 cum
1589 1160 1827 1200 >defunctus
1868 1162 1975 1200 esset

228 1229 371 1280 Iesus=,
407 1230 664 1271 »exsurrexit
695 1228 911 1283 generatio
943 1228 1025 1268 alia
1053 1230 1149 1282 post
1180 1242 1263 1278 eos,
1306 1227 1378 1281 qui
1419 1242 1502 1269 non
1540 1228 1723 1268 scierunt
1752 1225 1890 1267 Iesum
1937 1229 1974 1265 et

162 1304 204 1338 15
228 1310 368 1351 opera,
400 1310 504 1350 quae
536 1295 636 1336 fecit
665 1296 709 1336 in
741 1294 957 1336 Istrahel«.

340 1366 376 1404 2.
421 1362 499 1403 »Et
527 1362 721 1404 fecerunt
752 1361 830 1402 filii
860 1361 1041 1403 Istrahel
1072 1361 1302 1415 malignum
1337 1363 1432 1401 ante
1465 1360 1640 1402 Deum«.
1701 1358 1974 1413 Omnipotens

229 1430 470 1473 dominator
498 1428 625 1479 Deus,
655 1431 821 1482 praesta
857 1443 908 1469 ne
941 1442 1124 1480 unquam
1157 1428 1319 1468 accidat
1359 1427 1495 1478 nobis,
1538 1429 1584 1467 ut
1624 1425 1739 1467 Iesus
1770 1425 1972 1475 Christus,

228 1499 503 1550 posteaquam
533 1496 714 1536 surrexit
744 1510 767 1534 a
798 1494 986 1545 mortuis,
1017 1508 1181 1534 rursum
1212 1494 1418 1535 moriatur
1459 1493 1502 1534 in
1533 1493 1666 1534 nobis.
1724 1492 1832 1541 Quid
1864 1493 1973 1533 enim

230 1563 332 1604 mihi
362 1564 492 1616 prode
523 1564 595 1613 est,
627 1562 659 1603 si
690 1562 733 1602 in
764 1561 856 1602 aliis
888 1562 1004 1602 vivat
1034 1575 1082 1601 ex
1113 1561 1266 1601 virtute
1299 1563 1340 1601 et
1369 1561 1411 1600 in
1444 1574 1509 1600 me.
1541 1560 1749 1600 moriatur
1779 1573 1827 1600 ex
1858 1558 1972 1599 infir-

162 1632 206 1667 20
230 1630 374 1671 mitate
397 1616 592 1683 peccati?
650 1628 757 1677 Quid
788 1627 889 1668 mihi
920 1629 1051 1681 prode
1089 1629 1162 1678 est,
1193 1628 1226 1667 si
1262 1628 1305 1667 in
1336 1641 1401 1667 nie
1435 1629 1474 1667 et
1503 1627 1544 1666 in
1587 1639 1680 1666 meo
1722 1627 1847 1666 corde
1889 1638 1971 1665 non

230 1697 336 1739 vivit
366 1698 406 1738 et
435 1696 469 1737 si
498 1696 542 1736 in
572 1709 636 1736 me
669 1709 798 1748 opera
839 1694 949 1735 vitae
991 1708 1077 1734 non
1106 1693 1300 1747 perficit?
1359 1692 1466 1742 Quid
1510 1692 1612 1732 mihi
1654 1693 1783 1745 prode
1827 1695 1901 1742 est,
1938 1693 1972 1734 si

231 1765 342 1818 apud
373 1762 502 1804 alium
532 1776 581 1802 ex
612 1762 732 1803 bonis
765 1760 929 1811 studiis,
961 1775 1009 1801 ex
1041 1760 1150 1801 bona
1180 1759 1276 1810 fide,
1320 1773 1371 1800 ex
1407 1759 1527 1800 bonis
1558 1758 1753 1811 operibus
1790 1758 1973 1811 pascitur

233 1833 273 1872 et
300 1829 500 1880 reficitur,
530 1830 644 1882 apud.
675 1843 739 1869 me
771 1830 910 1869 autem
942 1830 982 1868 et
1013 1827 1056 1868 in
1087 1829 1211 1868 corde
1242 1840 1334 1867 meo
1365 1840 1441 1880 per
1470 1824 1600 1866 malas
1627 1824 1901 1878 cogitationes
1932 1827 1972 1866 et

233 1897 442 1938 desideria
470 1895 667 1945 nefanda,
699 1909 774 1948 per
802 1895 940 1934 studia
969 1894 1150 1947 pessima
1180 1892 1409 1934 suffocatur
1439 1893 1751 1945 quodammodo
1783 1894 1822 1932 et
1853 1904 1972 1931 neca-

348 2042 370 2077 2
397 2040 492 2076 Phil.
516 2039 548 2082 4,
575 2041 617 2074 13
642 2059 684 2064 -
709 2038 732 2073 4
757 2037 889 2072 Matth.
916 2038 969 2079 10,
995 2038 1128 2072 32—33
1163 2056 1205 2061 —
1246 2037 1295 2071 10
1320 2036 1451 2071 Matth.
1477 2036 1531 2078 10,
1555 2036 1598 2070 33
1624 2055 1664 2060 —-
1693 2035 1742 2070 14
1769 2034 1849 2069 Jud.
1874 2035 1905 2076 ⁶2,
1933 2035 1973 2069 10

234 2130 276 2134 -
303 2110 352 2144 16
376 2109 459 2144 Jud.
482 2108 515 2150 2,
541 2108 581 2142 11

351 2223 369 2257 1
398 2221 461 2265 qui
479 2220 535 2264 ea]
554 2231 647 2264 quae
666 2221 697 2253 A
715 2219 802 2263 quia
819 2229 862 2253 ea
884 2218 913 2253 G
932 2217 1019 2261 quia
1036 2216 1069 2251 ei
1089 2229 1121 2250 m
1167 2217 1172 2261 Ι
1216 2227 1259 2250 ea
1276 2223 1318 2252 <
1337 2216 1367 2250 C
1410 2216 1432 2250 2
1459 2216 1497 2250 et
1514 2222 1556 2252 <
1575 2216 1606 2249 A
1655 2215 1706 2251 21³
1728 2215 1886 2250 christus
1904 2215 1972 2249 AG

236 2289 258 2324 3
285 2288 369 2333 hoc]
394 2289 464 2323 hac
489 2299 526 2323 re
547 2288 577 2324 G
624 2289 646 2322 4
673 2287 710 2321 in
728 2299 746 2322 c
770 2301 788 2316 ae
818 2286 911 2329 (ini’)
929 2296 986 2319 me
1007 2296 1041 2317 m
1067 2285 1157 2319 il*me
1177 2285 1249 2327 r(·?)
1269 2283 1304 2317 in
1321 2290 1362 2320 <
1378 2282 1590 2325 AEFqulc,
1605 2282 1684 2316 Am.
1701 2282 1782 2322 Del„
1799 2282 1894 2316 nach
1912 2282 1975 2316 der

235 2355 347 2401 Vulg.
366 2353 446 2400 (ἐν),
464 2355 540 2401 vgl.
559 2356 594 2390 Z.
613 2357 643 2390 7.
664 2356 705 2390 10
754 2356 776 2389 5
802 2367 848 2385 ω
866 2352 1069 2388 confitebor
1094 2353 1130 2386 et
1155 2362 1222 2396 ego
1243 2351 1319 2392 Cm,
1333 2350 1414 2385 Ald.
1430 2350 1514 2390 Del„
1540 2350 1634 2384 nach
1649 2350 1713 2384 der
1727 2349 1834 2394 Vulg.
1850 2351 1906 2392 (=
1922 2361 1973 2393 gr.

236 2423 341 2467 Text)
386 2424 392 2467 Ι
437 2423 503 2468 [in]
529 2435 572 2458 eo
589 2423 608 2455 h
626 2437 642 2452 ÷÷
671 2435 688 2450 ψ
718 2421 782 2465 (in)
802 2431 882 2456 eum
903 2422 933 2455 A
959 2431 1041 2455 eum
1062 2420 1125 2454 Um
1146 2417 1197 2462 (in
1215 2418 1326 2459 Rus),
1347 2429 1381 2459 ss,
1395 2417 1474 2451 Ald.
1490 2417 1575 2459 Del„
1599 2417 1694 2452 nach
1712 2418 1775 2451 der
1794 2417 1902 2462 Vulg.
1922 2415 1974 2460 (ἐν

238 2489 355 2537 αὐτῷ)
378 2490 486 2525 illum
516 2491 552 2533 C,
588 2490 694 2524 nicht
719 2489 756 2523 in
781 2500 881 2530 eum,
920 2488 993 2533 vgl.
1020 2487 1055 2521 Z.
1083 2486 1124 2521 12
1190 2486 1195 2528 1
1261 2497 1306 2516 ω
1332 2484 1370 2518 in
1395 2484 1507 2518 coelis
1534 2486 1590 2518 est
1611 2483 1755 2528 CE'FG,
1790 2485 1885 2519 nach
1911 2485 1974 2518 der

238 2557 349 2604 Vulg.
375 2558 456 2603 (τοῦ
481 2555 521 2593 ἐν
546 2556 736 2601 οὐρανοῖς)
853 2558 876 2590 (ἰ
912 2569 958 2587 ω
982 2566 1039 2589 me
1063 2552 1257 2598 nega-verit
1281 2553 1337 2593 All
1379 2552 1383 2594 1
1428 2562 1485 2586 me
1510 2558 1552 2588 <
1579 2551 1614 2584 F
1651 2552 1656 2594 Ι
1700 2565 1746 2583 ω
1769 2552 1912 2596 negabo
1939 2553 1975 2586 et

239 2636 306 2670 ego
333 2625 365 2658 A
462 2627 479 2660 ἰ’
508 2624 676 2660 confiteri
703 2630 743 2664 -†-
769 2624 807 2658 et
836 2623 872 2666 G,
890 2623 962 2658 Del.
990 2622 1059 2665 (bis
1086 2621 1119 2657 S.
1144 2621 1222 2662 478,
1247 2622 1268 2655 9
1293 2631 1376 2654 cum
1402 2626 1444 2656 <
1468 2619 1563 2662 Ata.)
1665 2619 1686 2654 S
1714 2620 1928 2664 cooperetur
1951 2619 1979 2653 C

239 2694 263 2727 9
288 2703 362 2727 non
387 2691 577 2727 continuit
605 2691 634 2726 C
701 2693 725 2727 9
752 2691 872 2736 qui—
888 2691 936 2725 10
963 2690 1026 2724 sed
1050 2694 1092 2726 <
1118 2688 1188 2722 AF
1267 2688 1317 2722 10
1342 2698 1399 2721 me
1425 2713 1432 2720 .
1450 2714 1457 2722 .
1476 2715 1483 2722 .
1506 2687 1702 2731 negaverit
1726 2694 1768 2724 <
1797 2690 1825 2719 (i
1873 2687 1876 2730 Ι
1920 2686 1976 2720 in2

240 2766 282 2797 <
305 2760 335 2794 Ο
402 2760 451 2795 14
478 2760 644 2805 exsurgit
662 2759 711 2793 Be.
736 2757 937 2793 resurrexit
953 2757 974 2791 lc
1017 2757 1021 2800 Ι
1067 2756 1184 2790 altera
1200 2755 1254 2788 Ac
1274 2761 1315 2790 <
1332 2765 1369 2787 ‘m
1411 2754 1416 2797 Ι
1459 2753 1670 2788 nescierunt
1691 2754 1753 2787 OG
1827 2755 1876 2789 1ss
1901 2766 1975 2788 ma-

239 2827 316 2862 lum
343 2827 617 2870 DG,Ald.Del.,
641 2827 737 2861 nach
763 2827 826 2860 der
852 2825 962 2869 Vulg.
1008 2825 1012 2868 Ι
1057 2822 1244 2858 dominum
1270 2820 1361 2865 AFp
1444 2821 1493 2856 18
1519 2821 1719 2856 resurrexit
1743 2820 1975 2863 ,11CE1-‚Dal.‚

241 2894 316 2940 vgl.
343 2895 375 2929 S.
399 2896 476 2937 474,
501 2895 522 2929 8
639 2895 705 2930 19.
742 2894 792 2929 21
830 2893 992 2938 prodide)
1019 2892 1074 2926 est
1098 2891 1129 2924 A
1156 2889 1305 2935 prodest
1330 2888 1543 2930 BODE'FG,
1574 2889 1650 2933 vgl.
1675 2889 1772 2923 Bd.I
1798 2888 1830 2922 S.
1855 2890 1907 2930 49,
1933 2888 1975 2921 26

244 2964 294 2998 20
319 2963 430 3008 prode
454 2963 511 2996 est
527 2961 612 2997 Bae.
636 2961 786 3008 prodest
802 2959 1123 3004 A(‘.>),BCDEFG
1197 2958 1245 2991 22
1273 2955 1366 2991 alios
1388 2955 1419 2990 G
1491 2957 1571 2992 ‘241’
1590 2969 1636 2987 Ν
1653 2957 1691 2990 et
1708 2955 1974 3000 quodammodo

243 3030 396 3064 necatur
420 3029 568 3070 ABFG,
592 3028 760 3073 riehtig‘?
796 3026 1064 3073 quodammodo
1089 3026 1127 3060 et
1152 3025 1305 3059 necatur
1330 3030 1371 3060 <
1399 3023 1442 3056 Εἰ
1483 3023 1518 3057 et
1551 3024 1657 3058 modo
1684 3024 1721 3057 et
1745 3023 1898 3057 necatur
1923 3021 1976 3055 Ε2

1993 1439 2048 1464 228
2067 1435 2183 1462 Lomm.
