2341 3382
714 303 752 336 in
779 302 856 338 Lib.
885 303 964 337 lesu
990 302 1092 336 Nave
1117 301 1281 336 Homilia
1305 300 1400 342 VIII,
1424 301 1512 334 4—ss
1700 330 1703 332 .
1903 302 1979 340 341

234 429 331 472 rege
363 420 403 458 et
431 417 567 458 iudice
599 418 638 456 et
667 415 830 456 dicente
850 414 927 464 his,
959 415 1030 468 qui
1059 414 1221 467 priores
1244 415 1284 453 et
1303 413 1556 466 posteriores
1578 412 1783 452 vicerunt:
1820 409 1981 450 »venite

235 484 443 526 benedicti
472 483 603 536 patris
632 482 728 531 mei,
759 481 961 535 percipite
993 493 1183 534 regnum,
1215 481 1329 533 quod
1359 479 1480 521 vobis
1510 480 1702 531 paratum
1735 479 1796 516 est
1822 490 1845 515 a
1866 476 1982 529 patre

236 564 368 592 meo«.
425 548 534 590 Aliis
565 550 705 588 autem
737 547 865 587 dicet:
913 547 990 587 »ite
1022 547 1065 587 in
1105 547 1248 600 ignem
1292 547 1519 594 aeternum,
1562 558 1685 597 quem
1718 541 1984 596 praeparavit

234 617 348 658 Deus
377 613 546 657 diabolo
577 617 618 655 et
647 613 809 667 angelis
842 614 973 663 eius«,
1016 615 1149 654 donec
1185 602 1299 653 omni
1330 612 1508 661 animae,
1550 611 1702 663 quibus
1731 609 1821 662 ipse
1851 607 1981 657 novit,
2002 619 2056 643 41:
2082 618 2148 644 Del.

189 688 210 718 7·
234 682 432 724 remediis
462 679 654 722 consulat
684 683 725 721 et
752 680 906 721 >omnis
936 678 1117 722 Istrahel
1146 678 1288 720 salvus
1317 678 1416 718 fiat<.

343 751 382 790 6.
423 747 505 789 Sed
536 750 577 788 et
605 746 721 788 aliud
751 746 857 786 mihi
888 746 1073 787 occurrit
1107 746 1152 785 in
1186 744 1281 785 loco
1318 743 1603 785 consideranti
1632 740 1786 782 >lesum
1818 741 1985 794 fugien-

233 820 318 857 tem
347 829 372 855 a
399 813 524 855 facie<
558 813 764 854 exercitus
796 811 883 853 Gai.
941 812 1052 861 Quid
1081 814 1205 865 putas
1237 813 1300 851 est
1329 812 1443 863 quod
1470 808 1602 850 >Ie-sus
1634 808 1816 862 fugiens<
1846 808 1984 860 desig-

233 882 390 923 nabat?
447 880 687 931 Videamus,
719 893 768 920 ne
800 879 909 920 forte
941 879 996 919 sit
1025 877 1198 932 aliquid,
1229 878 1342 930 quod
1372 876 1576 930 fugiendo
1605 876 1833 923 vincamus,
1864 876 1904 914 et
1925 873 1986 914 est

233 947 375 1002 aliqua
403 947 592 1000 perfecta
627 946 760 987 virtus
801 946 844 986 in
887 945 999 998 fuga.
1057 943 1214 985 Paulus
1257 956 1332 983 nos
1373 941 1603 996 Apostolus
1645 943 1779 989 docet,
1821 940 1983 982 dicens:

169 1016 210 1050 10
238 1014 395 1069 »fugite
416 1013 780 1054 fornicationem«.
820 1011 948 1053 Vides
969 1023 1069 1065 ergo
1092 1025 1181 1051 esse
1202 1011 1414 1064 quendam
1433 1009 1641 1062 >spiritum
1664 1007 1983 1050 fornicationis<2

234 1095 360 1136 quem
390 1080 539 1135 fugere
569 1079 782 1129 debemus,
824 1079 1077 1132 quicumque
1120 1079 1233 1119 caste
1266 1079 1307 1117 et
1345 1076 1414 1130 pie
1456 1076 1500 1116 in
1531 1074 1696 1117 Christo
1739 1088 1787 1115 ac
1833 1073 1983 1126 pudice
2007 1087 2037 1112 Sl
2065 1087 2181 1113 Lomm.

235 1147 430 1190 volumus
458 1160 717 1200 permanere.
776 1144 861 1186 Ista
891 1157 992 1197 ergo
1023 1143 1126 1197 fuga
1155 1146 1228 1192 est,
1260 1157 1366 1197 quae
1397 1143 1522 1183 habet
1557 1141 1747 1191 salutem,
1776 1141 1856 1181 ista
1885 1140 1985 1193 fuga

236 1213 403 1256 virtutis
434 1215 507 1263 est,
538 1213 619 1254 ista
648 1212 751 1267 suga
781 1211 1085 1253 beatitudinem
1116 1210 1292 1252 confert.
1341 1209 1396 1250 Et
1426 1223 1510 1249 non
1541 1208 1676 1250 solum
1697 1206 1986 1249 fornicationis

236 1281 409 1336 spiritus
439 1280 668 1334 fugiendus
699 1282 773 1327 est,
803 1280 877 1320 sed
906 1277 1036 1319 simili
1066 1279 1207 1328 inodo,
1238 1277 1347 1318 sicut
1373 1277 1531 1317 dictum
1563 1278 1641 1316 est:
1677 1274 1835 1328 »fugite
1857 1272 1984 1314 forni-

170 1354 212 1387 15
237 1348 486 1398 cntionem«,
517 1346 737 1388 audiamus
769 1345 853 1386 dici
884 1346 934 1385 ad
967 1359 1062 1386 nos:
1095 1344 1229 1398 fugite
1259 1343 1379 1394 iram,
1410 1343 1544 1395 fugite
1582 1342 1816 1391 avaritiam,
1853 1335 1985 1393 fugite

237 1414 442 1456 invidiam
486 1416 526 1454 et
554 1413 743 1462 livorem,
786 1412 916 1465 fugite
960 1411 1240 1452 detractiones
1284 1412 1324 1449 et
1365 1408 1623 1463 maliloquia.
1692 1408 1805 1456 Quae
1847 1410 1985 1447 tamen

238 1481 378 1523 nescio
408 1481 444 1523 si
481 1480 574 1534 quis
605 1478 792 1533 effugiat,
824 1478 964 1520 nescio
996 1477 1031 1520 si
1061 1478 1154 1531 quis
1184 1477 1347 1518 evadat.
1405 1474 1488 1517 Iste
1523 1474 1620 1517 talis
1657 1477 1745 1515 erat
1782 1473 1986 1514 exercitus

240 1547 329 1600 Gai,
360 1561 485 1602 quem
515 1545 630 1588 Iesus
671 1546 918 1599 fugiendum
961 1545 1141 1585 docebat
1181 1543 1336 1584 milites
1378 1557 1486 1594 suos,
1531 1544 1571 1583 et
1612 1544 1662 1582 de
1704 1541 1768 1582 his
1809 1541 1986 1581 fortasse

239 1615 413 1656 mandat
442 1612 660 1667 discipulis
701 1613 785 1653 suis
827 1612 988 1652 dicens:
1035 1611 1097 1666 »si
1135 1624 1209 1651 vos
1250 1611 1561 1664 persequuntur
1600 1608 1646 1648 in
1688 1608 1764 1648 hac
1806 1606 1987 1655 civitate,

171 1687 216 1721 20
240 1681 375 1736 fugite
405 1681 448 1721 in
478 1679 622 1729 aliam3
654 1680 767 1733 quod
797 1679 830 1719 si
859 1679 902 1718 in
925 1677 1020 1728 alia,
1052 1677 1185 1732 fugite
1208 1678 1250 1718 in
1273 1676 1440 1717 aliam«.
1491 1674 1591 1716 Vult
1612 1675 1722 1715 enim
1744 1688 1819 1715 nos
1841 1673 1986 1726 fugere

241 1748 293 1789 ab
324 1746 563 1788 huiusmodi
593 1745 795 1795 hostibus,
826 1744 917 1785 vult
953 1758 1030 1785 nos
1059 1743 1184 1797 longe
1216 1742 1328 1784 effici
1359 1742 1410 1783 ab
1442 1741 1680 1783 huiusmodi
1710 1739 1850 1788 malis3
1883 1742 1923 1781 et
1955 1741 1987 1780 si

240 1814 500 1869 potuerimus
540 1812 710 1853 interim
743 1813 917 1852 evadere
962 1811 1112 1851 horum
1153 1809 1360 1864 malorum
1401 1808 1602 1862 fugiendo
1643 1807 1849 1860 contagia,
1889 1809 1988 1846 tunc

241 1881 431 1922 videntes
462 1880 729 1920 devotionem
760 1881 800 1919 et
829 1878 1092 1932 propositum
1121 1877 1272 1918 mentis
1302 1879 1469 1917 nostrae
1500 1877 1668 1916 sanctae
1696 1887 1885 1928 quaeque
1906 1873 1988 1913 vir-

240 1949 364 1998 tutes,
394 1946 493 1988 illae
523 1945 714 1995 fortasse,
745 1946 795 1986 de
839 1945 991 1999 quibus
1034 1944 1136 1985 dicit
1166 1941 1391 1996 Apostolus
1422 1941 1595 1983 Paulus:
1643 1955 1804 1982 »nonne
1847 1953 1989 1980 omnes

357 2094 378 2128 1
405 2091 481 2137 vgl.
506 2091 642 2126 Matth.
668 2092 722 2131 25,
748 2090 792 2125 34
826 2109 869 2114 --
908 2090 931 2123 3
956 2089 1092 2123 Matth.
1118 2089 1172 2131 25,
1196 2088 1239 2122 41
1277 2107 1320 2112 —
1359 2088 1381 2122 5
1409 2087 1484 2131 vgl.
1510 2086 1612 2120 Rom.
1639 2088 1692 2127 11,
1718 2086 1760 2120 26
1790 2105 1834 2109 —
1865 2085 1889 2119 6
1913 2084 1990 2129 vgl.

241 2160 314 2195 Jos.
338 2159 370 2202 8,
395 2159 438 2194 15
463 2179 507 2182 —
533 2160 599 2194 10.
626 2158 675 2193 14
702 2157 820 2192 IKor.
845 2158 876 2199 6,
895 2158 937 2193 18
962 2177 1006 2181 -
1030 2157 1105 2202 vgl.
1129 2156 1217 2191 Hos.
1242 2155 1275 2198 4,
1292 2156 1313 2189 2
1338 2174 1381 2179 —-
1408 2156 1457 2189 19
1483 2153 1617 2188 Matth.
1645 2153 1698 2195 10,
1722 2153 1782 2192 23;
1807 2152 1846 2186 in
1872 2151 1990 2186 dieser

242 2227 351 2262 Form
376 2226 472 2261 auch
494 2225 555 2261 bei
581 2225 730 2271 Origen.
756 2236 786 2260 c.
813 2225 904 2261 Cels.
930 2227 961 2268 1,
979 2225 1022 2260 65
1049 2224 1075 2268 (Ι
1092 2224 1169 2267 118,
1185 2224 1206 2258 6
1222 2223 1298 2267 Κ.);
1329 2221 1395 2257 ἐὰν
1420 2221 1608 2256 διώκωσιν
1635 2219 1728 2264 ὑμᾶς
1753 2217 1792 2255 ἐν
1815 2223 1861 2264 τῇ
1885 2220 1989 2255 πόλει

245 2294 369 2338 ταύτῃ,
403 2293 561 2340 φείγετε
585 2292 638 2335 εἰς
673 2295 739 2337 τὴν
775 2290 924 2339 ἑτέραν·
961 2289 1032 2327 κᾶν
1069 2289 1109 2326 ἐν
1133 2295 1176 2336 τῇ
1202 2287 1310 2338 ἑτέρᾳ
1337 2289 1510 2332 διώκωσι,
1535 2286 1647 2324 πάλιν
1671 2286 1828 2333 φεύγετε
1851 2285 1903 2328 εἰς
1925 2289 1992 2330 τὴν

242 2360 377 2406 ἄλλην(
405 2361 479 2396 und
504 2361 543 2396 in
568 2362 650 2397 Jud.
676 2361 773 2396 hom.
798 2362 830 2402 9,
854 2362 877 2395 4
901 2361 975 2394 und
1000 2359 1168 2394 Hautsch
1192 2358 1254 2393 TU
1281 2359 1335 2399 34,
1353 2358 1373 2392 2
1399 2357 1432 2392 S.
1450 2357 1492 2391 ‘27
1517 2375 1562 2381 —
1587 2356 1636 2390 24
1663 2355 1739 2400 vgl.
1765 2355 1874 2390 Hebr.
1899 2356 1930 2397 1,
1948 2355 1990 2389 14

359 2479 414 2515 21*
432 2491 454 2514 a
477 2480 582 2524 patre
605 2479 700 2524 meo]
726 2479 772 2513 ab
799 2478 943 2523 origine
968 2477 1098 2511 mundi
1123 2476 1165 2518 ff,
1192 2478 1250 2520 (=
1266 2487 1321 2521 gr.
1338 2475 1445 2518 Text)
1471 2474 1564 2516 illd„
1600 2472 1781 2508 teilweise
1806 2472 1901 2506 nach
1927 2472 1990 2506 der

244 2545 355 2592 Vulg.
449 2548 472 2582 3
499 2548 622 2582 autem
648 2554 690 2584 <
717 2547 751 2579 P
812 2548 816 2589 Ι
883 2545 985 2580 dicat
1009 2545 1042 2578 A
1067 2543 1160 2579 dicit
1184 2543 1272 2577 El'l
1338 2543 1343 2587 Ι
1410 2541 1558 2588 paravit
1582 2542 1614 2575 A
1639 2541 1752 2584 (nach
1776 2541 1840 2574 der
1864 2539 1991 2584 Vulg.)

244 2615 269 2649 4
295 2614 398 2659 deus]
422 2615 528 2660 pater
551 2625 653 2649 meus
680 2615 710 2647 21
813 2614 835 2647 (ἰ
861 2612 1024 2648 occurrit
1049 2617 1090 2653 —†-
1115 2612 1185 2647 hoc
1214 2612 1246 2645 J)
1288 2612 1294 2655 1
1337 2611 1375 2645 in
1403 2616 1443 2650 -†-
1469 2611 1540 2645 hoc
1556 2609 1613 2651 Af]
1655 2613 1660 2649 1
1704 2608 1785 2643 loco
1813 2614 1852 2646 -ί-
1879 2608 1949 2642 hoc
1973 2621 1990 2641 a<

249 2682 298 2718 rt
319 2681 537 2727 designatur
562 2683 593 2716 A
709 2682 733 2716 9
760 2694 806 2713 ω
830 2680 1030 2726 Apostolus
1053 2690 1121 2714 nos
1145 2679 1179 2712 Β
1295 2679 1341 2714 11
1370 2679 1568 2713 debeamus
1593 2676 1664 2711 Ab}
1719 2676 1724 2719 1
1780 2687 1823 2710 ac
1847 2674 1989 2720 pudice]

246 2748 449 2794 pudiceque
464 2750 496 2782 A
571 2750 620 2785 12
645 2763 691 2780 m
709 2750 766 2784 est
783 2760 869 2794 ergo
887 2749 978 2793 fuga
997 2747 1027 2783 Ο
1097 2747 1176 2782 13r
1196 2760 1243 2777 cx>
1260 2746 1410 2792 spiritus
1427 2744 1686 2780 fornicationis
1705 2744 1739 2777 P
1807 2744 1856 2778 15
1881 2755 1927 2773 ω
1944 2743 1990 2776 ad

248 2827 315 2851 nos
339 2815 413 2851 dici
439 2816 474 2849 P
562 2818 612 2851 16
637 2816 756 2861 fugite
782 2820 823 2856 -ξ-
850 2816 888 2850 et
917 2816 946 2849 C
985 2816 990 2857 Ι
1033 2813 1262 2859 maleloquia
1287 2814 1358 2847 ΑΡ
1447 2814 1494 2848 17
1528 2811 1685 2857 effugiat
1710 2837 1718 2845 .
1736 2837 1744 2846 .
1763 2837 1770 2845 .
1796 2810 1877 2855 quis
1896 2817 1938 2847 <
1956 2811 1987 2843 Α

249 2884 300 2919 19
325 2883 357 2918 si
382 2890 424 2924 -θ
449 2885 488 2918 et
507 2883 537 2917 G
582 2884 584 2886 ’
627 2884 679 2919 20
705 2883 794 2928 alia]
821 2882 930 2917 aliam
952 2881 1121 2924 ABDPlf,
1147 2881 1223 2927 vgl.
1249 2882 1321 2916 den
1345 2882 1468 2916 ersten
1487 2881 1652 2926 Apparat
1695 2880 1700 2923 1
1743 2878 1864 2922 fugire
1885 2877 1933 2910 P¹

246 2964 294 2983 ω
315 2952 443 2996 fugere
468 2962 534 2986 nos
561 2951 592 2987 0
682 2952 732 2986 21
760 2952 880 2995 effuge
906 2951 937 2983 A
963 2949 1123 2994 effugere
1148 2949 1184 2983 E
1223 2950 1228 2992 Ι
1269 2947 1526 2983 huiuscemodi
1549 2946 1632 2991 Bos
1737 2948 1786 2982 22
1813 2945 1991 2988 fugienda

250 3019 383 3064 ΕΔΜ.
478 3020 528 3054 23
554 3019 724 3054 videntes
751 3025 791 3059 4-
818 3018 930 3053 etiam
960 3017 992 3049 l’
1041 3018 1046 3059 Ι
1104 3028 1271 3061 quaeque
1297 3020 1337 3055 -f-
1364 3015 1451 3050 illae
1476 3015 1508 3049 A
1605 3015 1655 3050 24
1681 3028 1725 3045 Ν
1751 3013 1881 3059 paulus
1907 3023 1988 3056 apo-

248 3087 365 3123 stolus
394 3088 421 3120 A
467 3087 486 3130 Ι»-
515 3086 648 3131 paulus
673 3092 716 3122 <
742 3085 782 3127 R,
798 3085 888 3127 Ald„
915 3084 990 3129 vgl.
1016 3083 1080 3118 TU
1104 3083 1159 3126 42,
1176 3084 1196 3118 1
1223 3083 1254 3118 S.
1273 3084 1316 3118 69
