2373 3522
387 240 462 280 188
1161 233 1340 278 Origenes

383 349 548 399 dicitur,
580 362 675 389 cum
706 347 857 397 anima,
889 360 995 400 quae
1025 345 1069 385 in
1101 344 1360 386 consortium
1385 343 1509 385 Verbi
1531 343 1608 385 Dei
1639 344 1799 385 adscita
1829 347 1892 385 est
1921 345 1962 384 et
1982 341 2123 384 matri-

383 415 521 456 monio
553 416 640 455 eius
670 414 981 467 quodammodo
1013 411 1171 453 sociata
1202 411 1254 452 ab
1285 410 1373 452 ullo
1403 410 1497 461 alio,
1541 409 1674 452 alieno
1716 410 1875 452 scilicet
1906 412 1946 451 et
1975 411 2123 450 adver-

382 482 490 522 sario
521 480 632 522 illius
662 481 754 530 viri,
787 480 857 533 qui
889 493 980 520 eam
1011 478 1090 519 sibi
1120 478 1344 531 despondit
1373 476 1417 517 in
1437 476 1534 528 fide,
1565 478 1848 531 corrumpitur
1869 480 1909 518 et
1931 475 2124 518 violatur.

382 547 457 588 Est
499 561 600 602 ergo
642 560 818 601 sponsus
850 548 890 587 et
920 545 986 586 vir
1015 545 1180 585 animae
1210 545 1390 584 mur-,dae
1423 546 1462 584 et
1503 544 1679 597 pudicae
1711 543 1895 585 Verbum
1928 542 2018 594 Dei,
2055 542 2125 596 qui
2148 555 2204 582 348
2225 555 2292 582 Dei.

338 616 358 649 5
383 617 444 655 est
475 613 665 655 Christus
695 613 913 663 Dominus,
956 613 1062 653 sicut
1104 613 1146 652 et
1174 609 1402 664 Apostolus
1445 609 1608 651 scribit:
1655 609 1775 651 »volo
1813 612 1952 651 autem
1983 623 2126 651 omnes

384 696 456 723 vos
486 681 558 722 uni
588 681 681 721 viro
710 679 918 734 virginem
950 681 1110 719 castam
1141 677 1336 719 exhibere
1368 675 1556 726 Christ03
1583 676 1706 718 timeo
1738 679 1891 728 autem,
1922 690 1973 717 ne
2003 675 2126 726 forte,

384 749 490 789 sicut
532 761 702 801 serpens
745 745 910 788 seduxit
940 744 1073 785 Evam
1104 744 1258 785 astutia
1288 757 1375 793 sua,
1419 745 1743 796 corrumpantur
1773 757 1916 784 sensus
1946 741 2074 783 vestri
2105 756 2129 781 a

384 814 664 868 simplicitate,
708 827 813 867 quae
856 815 918 853 est
957 811 1001 852 in
1031 810 1198 852 Christo
1228 810 1364 853 Iesu«.
1424 809 1565 851 Donec
1601 809 1731 863 igitur
1761 810 1899 850 anima
1929 809 2130 849 adhaeret

385 897 536 936 sponso
568 896 642 923 suo
676 882 715 921 et
745 879 863 920 audit
893 878 1068 920 verbum
1100 877 1187 918 eius
1219 879 1259 918 et
1287 876 1425 930 ipsum
1457 874 1762 930 complectitur,
1800 875 1885 917 sine
1918 876 2045 916 dubio
2078 874 2128 914 ab

319 949 360 984 10
383 949 474 1002 ipso
505 962 646 989 semen
676 946 849 1000 suscipit
879 945 1015 994 verbi3
1060 946 1100 986 et
1130 944 1238 985 sicut
1266 943 1337 984 ille
1370 943 1490 984 dixit:
1534 945 1608 984 »de
1639 943 1790 984 timore
1820 945 1906 994 tuo,
1936 941 2129 991 Domine,

383 1016 427 1056 in
456 1016 600 1056 ventre
632 1013 940 1066 concepimus«,
981 1011 1040 1052 ita
1081 1013 1122 1052 et
1162 1010 1266 1051 haec
1307 1009 1427 1052 dicit:
1470 1011 1519 1050 de
1552 1009 1797 1060 verbotuo,
1840 1008 2031 1059 Domine,
2072 1007 2131 1048 >in

385 1084 528 1123 ventre
571 1080 745 1134 concepi
787 1082 827 1120 et
868 1078 1074 1133 parturivi
1111 1079 1152 1118 et
1181 1077 1374 1131 spiritum
1405 1075 1551 1117 salutis
1578 1079 1673 1117 tuae
1704 1075 1784 1116 feci
1815 1089 1940 1129 super
1968 1077 2130 1115 terras<.

386 1148 430 1190 Si
461 1159 561 1201 ergo
593 1146 653 1188 sic
683 1148 733 1187 de
765 1144 931 1187 Christo
963 1143 1147 1197 concipit
1176 1144 1328 1194 anima,
1371 1142 1474 1183 facit
1503 1142 1626 1193 filios,
1669 1156 1745 1196 pro
1787 1142 1938 1195 quibus
1969 1141 2132 1182 dicatur

387 1217 438 1256 de
469 1229 516 1256 ea
548 1214 663 1267 quia:
710 1212 849 1254 »salva
879 1212 958 1253 erit
989 1225 1064 1265 per
1093 1210 1276 1251 filiorum
1309 1209 1644 1263 generationem,
1689 1210 1723 1249 si
1753 1208 2061 1263 permanserint
2089 1206 2133 1247 in

322 1286 362 1319 15
387 1281 469 1322 fide
512 1284 553 1322 et
595 1280 767 1321 caritate
811 1281 850 1319 et
892 1279 1110 1319 sanctitate
1142 1291 1237 1317 cum
1267 1276 1531 1327 sobrietate«,
1573 1275 1732 1316 etiamsi
1762 1275 1877 1329 prius
1907 1274 2015 1315 sicut
2043 1272 2133 1314 Eva

388 1350 560 1389 seducta
591 1347 719 1387 fuisse
751 1345 889 1386 anima
919 1345 1126 1386 videatur.
1185 1343 1261 1384 Est
1290 1343 1431 1396 itaque
1462 1356 1559 1383 vere
1589 1342 1713 1383 beata
1734 1341 1914 1392 suboles,
1945 1339 2016 1382 ubi
2038 1354 2134 1381 con-

389 1415 553 1456 cubitus
595 1414 730 1454 factus
767 1411 895 1453 fuerit
925 1411 1087 1451 animae
1130 1424 1224 1450 cum
1255 1408 1393 1451 Verbo
1425 1408 1501 1450 Dei
1545 1411 1584 1449 et
1613 1409 1685 1449 ubi
1717 1407 1958 1461 complexus
1989 1408 2042 1447 ad
2071 1405 2134 1446 in-

388 1481 522 1523 vicem
545 1480 748 1521 dederint.
790 1478 893 1520 Inde
914 1479 1109 1518 nascetur
1131 1489 1334 1530 generosa
1354 1476 1591 1530 progenies,
1616 1475 1712 1516 inde
1734 1474 1937 1529 pudicitia
1959 1473 2133 1522 orietur;

389 1548 485 1589 inde
515 1547 689 1597 iustitia,
719 1547 815 1587 inde
846 1544 1061 1599 patientia,
1097 1545 1195 1584 inde
1226 1544 1505 1583 mansuetudo
1538 1544 1578 1583 et
1607 1541 1761 1583 caritas
1793 1543 1916 1594 atque
1948 1539 2134 1582 omnium

323 1614 366 1649 2Ο
390 1615 595 1656 virtutum
623 1612 764 1667 proles
793 1613 1034 1653 veneranda
1063 1611 1270 1651 succedet.
1311 1608 1431 1658 Quod
1463 1610 1497 1650 si
1526 1608 1673 1650 infelix
1700 1608 1838 1649 anima
1869 1606 1998 1648 divini
2019 1605 2137 1648 verbi

391 1681 663 1734 dereliquerit
693 1681 836 1721 sancta
867 1677 1046 1719 conubia
1076 1679 1118 1717 et
1146 1676 1192 1716 in
1221 1675 1480 1717 adulterinos
1510 1690 1553 1716 se
1584 1674 1826 1728 complexus
1857 1672 2014 1715 diaboli
2036 1671 2135 1723 alio-

389 1761 565 1801 rumque
609 1749 862 1788 daemonum
903 1743 1112 1784 illecebris
1154 1744 1329 1796 decepta
1358 1742 1600 1793 tradiderit,
1645 1741 1862 1795 generabit
1892 1740 1979 1781 sine
2010 1738 2137 1780 dubio

391 1815 516 1856 etiam
547 1814 644 1854 inde
674 1812 798 1862 filios,
841 1813 915 1852 sed
943 1810 1052 1861 illos,
1097 1811 1148 1850 de
1180 1809 1331 1863 quibus
1361 1808 1563 1863 scriptum
1596 1811 1674 1850 est:
1721 1807 1821 1848 »filii
1851 1809 1989 1848 autem
2020 1803 2136 1846 adul-

390 1885 578 1923 terorum
608 1878 847 1933 imperfecti
877 1880 1011 1928 erunt,
1041 1879 1082 1918 et
1104 1891 1153 1917 ex
1172 1875 1317 1930 iniquo
1340 1875 1564 1917 concubitu
1584 1889 1727 1916 semen
1748 1872 2137 1916 exterminabitun-
2159 1887 2216 1913 246
2231 1886 2350 1915 Lomm.

322 1951 366 1986 25
391 1948 543 1990 Omnia
574 1960 674 2001 ergo
704 1948 878 2000 peccata
908 1943 983 1984 filii
1014 1945 1111 1984 sunt
1140 1941 1336 1983 adulterii
1357 1944 1397 1984 et
1417 1941 1492 1983 filii
1513 1941 1816 1984 fornicationis.
1857 1939 1981 1982 Unde
2002 1941 2138 1982 osten-

393 2015 506 2056 ditur
548 2015 660 2068 quod
701 2026 776 2066 per
817 2010 983 2065 singula
1025 2023 1229 2063 quaeque,
1272 2023 1398 2062 quae.
1422 2009 1624 2063 gerimus,
1666 2008 1776 2062 parit
1817 2007 1955 2049 anima
1995 2007 2139 2048 nostra

394 2085 433 2123 et
464 2083 639 2136 generat
668 2078 791 2130 filios,
824 2092 969 2120 sensus
1001 2076 1161 2118 scilicet
1193 2078 1232 2117 et
1263 2090 1391 2129 opera
1421 2090 1526 2129 quae
1559 2075 1678 2129 gerit.
1738 2074 1792 2115 Et
1821 2074 1857 2115 si
1887 2073 2055 2127 quidem
2077 2085 2139 2114 se-

393 2149 576 2189 cundum
606 2147 744 2200 legem
775 2147 849 2196 est,
881 2145 995 2198 quod
1025 2143 1147 2198 gerit,
1180 2145 1219 2182 et
1246 2143 1476 2183 secundum
1497 2143 1674 2183 verbum
1694 2140 1785 2193 Dei,
1816 2140 2009 2194 spiritum
2029 2138 2141 2193 parit

394 2213 541 2256 salutis
584 2216 623 2254 et
664 2214 886 2266 propterea
914 2209 1161 2252 >salvabitur
1190 2223 1265 2262 per
1294 2208 1477 2250 filiorum
1510 2208 1840 2262 generationem<
1875 2209 1917 2247 et
1944 2205 2013 2246 isti
2044 2207 2140 2246 sunt

509 2424 532 2457 4
570 2423 646 2467 vgl.
673 2435 701 2456 z.
719 2422 758 2456 B.
786 2421 936 2466 Origen.
960 2421 997 2454 in
1025 2420 1156 2455 Ezech.
1182 2420 1279 2454 hom.
1305 2419 1336 2461 8,
1355 2420 1392 2453 3:
1430 2419 1486 2453 vir
1525 2417 1670 2452 animae
1697 2427 1813 2451 sermo
1839 2414 1907 2450 Dei
1932 2415 1998 2456 est,
2035 2425 2139 2460 spon-

399 2502 458 2526 sus
484 2491 627 2525 amator
652 2501 777 2530 verus3
812 2488 851 2523 in
882 2488 1000 2523 Levit.
1018 2488 1114 2522 hom.
1131 2489 1164 2529 2,
1182 2487 1219 2528 2;
1244 2486 1283 2520 in
1310 2486 1398 2521 Gen.
1424 2486 1521 2521 hom.
1547 2486 1601 2529 10,
1618 2487 1639 2520 2
1676 2504 1718 2509 -
1755 2485 1777 2520 5
1802 2483 1836 2517 ΙΙ
1851 2483 1938 2518 Kor.
1969 2483 2022 2524 11,
2050 2483 2140 2517 2-3

398 2578 441 2583 --
481 2559 545 2593 10.
573 2557 652 2593 111⁹
673 2557 743 2592 Jes.
770 2557 824 2599 26,
850 2556 893 2591 18
928 2575 972 2580 -—
1010 2555 1060 2590 14
1085 2554 1211 2589 ITirn.
1236 2555 1267 2597 2,
1293 2556 1335 2590 15
1371 2573 1415 2578 ——
1453 2554 1503 2588 23
1530 2552 1668 2588 Weish.
1694 2551 1766 2587 Sal.
1792 2552 1823 2594 3,
1849 2549 1892 2585 16
1916 2569 1960 2574 -—
1985 2550 2034 2586 27
2063 2549 2138 2595 vgl.

400 2640 428 2661 z.
447 2626 487 2660 B.
513 2625 550 2659 in
577 2625 705 2659 Genes.
731 2624 828 2659 hom.
855 2625 908 2665 10,
933 2625 954 2658 2
978 2623 1060 2665 (Bd.
1079 2623 1094 2656 Ι
1113 2623 1144 2657 S.
1163 2623 1239 2664 103,
1256 2622 1313 2666 22)

516 2819 536 2853 1
564 2816 623 2851 dei
650 2823 692 2853 <
718 2817 749 2850 A
847 2817 863 2851 ’ἲ
892 2827 958 2850 sua
984 2820 1024 2855 -Ι-
1050 2813 1103 2849 sic
1128 2813 1253 2857 b‚Ald.
1269 2813 1342 2847 Del.
1369 2817 1410 2853 -ὶ-
1435 2812 1491 2847 ita
1514 2823 1563 2855 m,
1588 2811 1683 2845 nach
1708 2810 1771 2845 der
1796 2810 1906 2856 Vulg.
1999 2810 2024 2845 9
2049 2808 2142 2853 eius]

402 2885 469 2920 Dei
506 2885 540 2919 D
661 2884 712 2919 13
751 2883 913 2928 concipit
937 2882 1006 2916 AB
1128 2882 1178 2916 14
1214 2879 1459 2926 permanserit
1489 2879 1569 2922 AD,
1583 2879 1665 2913 Αἶά.
1679 2878 1764 2920 Del„
1801 2878 1897 2913 nach
1933 2878 1997 2912 der
2032 2876 2142 2922 Vulg.

403 2952 606 2998 (μείνωσιν)
748 2952 797 2987 15
836 2952 873 2985 et
899 2949 1100 2985 sanctitate
1124 2955 1167 2986 <
1193 2950 1226 2982 A
1365 2948 1413 2982 21
1452 2946 1648 2991 reliquerit
1672 2947 1704 2979 A
1839 2947 1890 2982 ‘25
1929 2943 2089 2979 adulteri
2117 2943 2148 2978 0

404 3021 452 3056 27
480 3020 599 3065 egerit
622 3019 691 3056 BG
1155 3028 1158 3031 ·
