2321 3512
863 350 902 383 in
927 349 1106 386 Numeros
1123 351 1287 386 Homilia
1304 353 1362 397 IX,
1382 356 1398 387 1
1945 362 1995 399 55

255 464 344 517 igni
374 463 600 517 probatum
634 460 799 515 eloquia
831 462 1069 505 examinata
1102 463 1322 517 significet.
1384 463 1469 505 Ista
1506 479 1619 518 vero,
1657 481 1762 520 quae
1800 468 1996 509 dicuntur

255 543 389 580 aerea,
420 530 465 571 in
496 542 600 570 sono
631 530 794 569 tantum
824 528 941 569 vocis
973 530 1218 581 consistunt,
1250 545 1335 572 non
1365 532 1408 571 in
1435 533 1587 573 virtute
1611 534 1793 587 spiritus,
1826 536 1865 574 et
1886 537 1993 584 sunt,

255 599 301 637 ut
330 594 560 649 Apostolus
591 594 708 645 dicit,
750 597 797 635 ut
831 598 1140 636 »aeramentum
1182 611 1335 638 sonans
1378 600 1450 638 aut
1494 599 1731 651 cymbalum
1772 600 1992 641 tinniens«.

254 659 341 702 Ista
371 674 474 716 ergo
504 659 667 702 >batilla
700 674 849 711 aerea<,
887 661 930 701 id
963 664 1026 702 est
1067 662 1376 704 haereticorum
1409 679 1530 705 voces
1574 666 1604 706 si
1640 666 1910 707 adhibeamus
1941 669 1990 707 ad

135 730 144 733 “
205 730 226 765 5
253 726 384 775 altare
415 727 508 779 Dei,
550 727 623 768 ubi
655 727 822 768 divinus
864 727 976 781 ignis
1020 730 1094 779 est,
1136 729 1209 769 ubi
1249 744 1350 771 vera
1391 730 1490 771 fidei
1533 732 1802 785 praedicatio,
1847 733 1992 774 melius

190 803 215 827 Γ
248 794 339 848 ipsa
382 793 537 836 veritas
581 808 630 835 ex
673 792 879 835 falsorum
921 795 1235 848 comparatione
1279 796 1473 850 fulgebit.
1539 797 1582 837 Si.
1625 799 1747 848 enim,
1790 802 1834 838 ut
1876 799 1990 839 verbi

249 860 388 914 gratia
418 860 569 911 dicam,
606 874 764 913 ponam
795 860 908 900 dicta
937 860 1166 902 Marcionis
1197 864 1269 902 aut
1300 862 1497 904 Basilidis
1528 866 1599 903 aut
1630 863 1799 905 alterius
1821 865 1988 905 cuiusli-

248 926 318 968 bet
346 927 549 968 haeretici
591 928 632 967 et
662 926 767 967 haec
796 926 1061 967 sermonibus
1099 928 1290 969 veritatis
1328 942 1376 969 ac
1417 930 1716 982 scripturarum
1755 930 1989 971 divinarmu

239 992 497 1034 testimoniis
530 991 645 1034 velut
676 992 807 1034 divini
839 992 984 1034 altaris
1015 994 1113 1046 igne
1145 994 1373 1045 confutem,
1406 1010 1543 1036 nonne
1576 996 1808 1038 evidentior
1848 1011 1987 1037 eorum

178 1063 223 1099 10
247 1073 296 1100 ex
325 1059 420 1113 ipsa
449 1059 766 1113 comparatione
798 1059 1020 1113 apparebit
1050 1059 1272 1113 impietas?
1337 1059 1450 1102 Nam
1490 1062 1524 1102 si
1573 1063 1765 1103 doctrina
1798 1062 1989 1103 ecclesia-

246 1126 353 1166 stica
386 1124 564 1179 simplex
597 1128 717 1176 esset,
750 1128 791 1166 et
821 1125 949 1166 nullis
980 1126 1238 1168 extrinsecus
1260 1127 1565 1169 haereticorum
1590 1130 1835 1182 dogmatum
1857 1144 1987 1170 asser-

233 1191 432 1233 tionibus
461 1192 715 1246 cingeretur,
746 1206 830 1233 non
872 1194 1039 1245 poterat
1079 1194 1167 1233 tam
1212 1191 1325 1234 clara
1368 1196 1407 1234 et
1446 1196 1532 1234 tam
1576 1196 1811 1236 examinata
1854 1197 1987 1236 videri

242 1258 346 1299 fides
376 1260 531 1299 nostra.
592 1257 674 1299 Sed
706 1258 865 1300 idcirco
888 1258 1129 1300 doctrinam
1149 1247 1405 1300 catholicam
1427 1261 1803 1302 contradicentium
1825 1262 1987 1302 obsidet

240 1324 518 1378 impugnatio,
552 1327 596 1365 ut
626 1324 729 1365 fides
759 1327 904 1366 nostra
935 1339 1020 1366 non
1051 1326 1137 1366 otio
1167 1327 1392 1378 torpescat,
1439 1328 1512 1367 sed
1547 1328 1754 1368 exercitiis
1786 1326 1986 1369 elimetur.

175 1399 218 1433 15
243 1389 424 1444 Propter
453 1390 534 1432 hoc
565 1390 746 1444 denique
778 1393 817 1431 et
845 1391 1076 1444 Apostolus
1108 1391 1291 1433 dicebat:
1337 1395 1527 1446 »oportet
1557 1396 1696 1434 autem
1729 1397 1768 1434 et
1798 1394 1985 1434 haereses

242 1470 341 1507 esse,
371 1459 417 1497 ut
447 1457 615 1510 probati
659 1458 813 1510 quique
857 1457 1067 1498 manifesti
1111 1457 1214 1498 fiant
1254 1458 1366 1498 inter
1407 1473 1521 1500 vos«.
1595 1458 1685 1501 Hoc
1729 1462 1790 1500 est
1831 1461 1985 1502 dicere:

240 1525 408 1576 oportet
436 1522 748 1564 haereticorum
777 1521 949 1563 >batillis
981 1522 1117 1564 altare
1152 1524 1437 1575 circumdari<,
1468 1528 1514 1565 ut
1544 1528 1658 1566 certa
1693 1528 1734 1566 et
1766 1526 1984 1566 manifesta

239 1588 432 1630 omnibus
473 1588 548 1629 fiat
588 1588 776 1629 fidelium
820 1591 944 1641 atque
984 1588 1216 1629 infidelium
1263 1588 1515 1646 differentia.
1579 1590 1684 1631 Cum
1728 1592 1838 1632 enim
1880 1592 1983 1632 fides

242 1654 523 1696 eccles‘mztica
560 1654 677 1696 velut
708 1669 858 1696 aurum
888 1655 1076 1708 coeperit
1118 1655 1329 1708 refulgere
1362 1659 1402 1697 et
1432 1658 1689 1709 praedicatio
1727 1658 1814 1697 eius
1846 1660 1890 1698 ut
1919 1672 1983 1698 ar-

171 1727 216 1762 20
241 1723 415 1775 gentum
444 1721 534 1774 igni
565 1721 791 1774 probatum
821 1720 1082 1762 intuentibus
1114 1721 1411 1775 resplenderit‚
1442 1725 1541 1763 tunc
1585 1723 1740 1764 maiore
1772 1738 1864 1764 cum
1897 1726 1983 1764 tur-

243 1786 434 1841 pitudine
477 1789 518 1827 et
548 1788 752 1828 dedecore
789 1787 1098 1827 haereticorum
1138 1801 1263 1828 voces
1308 1787 1475 1829 obscuri
1516 1788 1621 1828 aeris
1658 1789 1817 1829 vilitate
1843 1792 1982 1831 sorde-

241 1854 358 1896 bunt.
417 1853 490 1894 Vis
521 1856 663 1894 autem
693 1854 798 1894 scire
831 1855 958 1906 quod,
990 1867 1095 1906 quae
1123 1853 1234 1894 bona
1265 1856 1376 1904 sunt,
1408 1854 1517 1895 bona
1550 1868 1637 1896 esse
1659 1869 1708 1895 ex
1729 1855 1980 1896 deterior-mu

239 1919 375 1974 magis
406 1919 730 1973 comparatione
761 1921 1021 1961 noscuntur?
1080 1919 1184 1968 Quis
1214 1920 1344 1961 sciret
1385 1921 1539 1962 bonam
1584 1935 1670 1961 esse
1712 1921 1858 1973 lucem,
1902 1923 1981 1962 nisi

238 1985 373 2028 noctis
421 1986 617 2027 tenebras
670 1985 951 2027 sentiremus?
1024 1986 1125 2034 Quis
1174 1985 1438 2027 dulcedinem
1480 1990 1672 2028 nosceret
1714 1987 1861 2038 mellis,
1903 1989 1980 2029 nisi

169 2060 214 2095 25
240 2055 410 2106 gustum
431 2052 729 2093 amaritudinis
751 2052 1008 2105 accepisset?
1057 2050 1199 2105 Ipsum
1223 2053 1402 2106 denique
1424 2052 1638 2095 diabohmi
1660 2056 1700 2094 et
1721 2053 1980 2095 obluctantes

237 2120 460 2160 adversum
503 2133 578 2160 nos
620 2117 854 2160 contrarias
896 2121 1124 2172 potestates
1165 2119 1200 2159 si
1244 2119 1422 2170 auferas,
1473 2120 1652 2160 virtutes
1706 2120 1842 2160 animi
1892 2121 1979 2161 sine

236 2184 476 2227 obluctante
506 2200 590 2226 non
621 2187 819 2238 poterunt
854 2185 1094 2227 enitescere.
1155 2184 1223 2227 Sic
1261 2197 1362 2239 ergo
1400 2189 1440 2226 et
1477 2187 1757 2227 sacerdotum
1793 2186 1978 2227 fidelium

238 2250 377 2305 gloria
408 2266 492 2292 non
521 2251 679 2305 poterit
709 2250 990 2304 resplendere,
1022 2252 1103 2294 nisi
1135 2267 1225 2293 eam
1255 2251 1489 2293 infidelium
1522 2253 1763 2306 reprobatio
1785 2255 1826 2293 et
1845 2267 1976 2306 poena

239 2319 518 2367 commendet.
579 2316 661 2359 Sed
703 2321 744 2360 et
786 2332 834 2358 ex
872 2318 951 2369 his,
998 2332 1103 2372 quae
1144 2319 1336 2373 legimus,
1379 2318 1543 2372 singuli>
1580 2319 1732 2371 quique
1775 2319 1977 2360 iustorum

168 2389 212 2424 30
235 2384 369 2438 magis
400 2398 448 2425 ex
485 2385 797 2438 comparatione
838 2387 1074 2426 ceterorum
1115 2384 1218 2426 clari
1269 2385 1472 2425 videntur
1513 2384 1648 2425 habiti
1689 2387 1800 2438 apud
1832 2385 1976 2426 Deum.

330 2508 338 2513 -
353 2481 420 2518 lff
436 2483 514 2528 vgl.
540 2481 690 2528 Origen.
717 2483 787 2518 Sel.
811 2483 850 2517 in
875 2483 983 2518 Num.
1001 2485 1056 2526 16,
1072 2485 1114 2519 37
1134 2483 1179 2527 (Χ
1195 2484 1216 2518 2
1235 2483 1402 2527 Lomm.):
1429 2480 1554 2528 ὥσπερ
1581 2482 1601 2517 ὁ
1626 2486 1786 2528 χαλκοῦς
1811 2480 1895 2528 ι’]φις
1920 2496 1977 2528 ση-

238 2555 349 2592 μεῖον
384 2555 450 2594 τῆς
486 2546 660 2592 ἀπιστίας
698 2548 834 2593 αὐτῶν,
873 2545 971 2586 οὕτω
1007 2551 1070 2586 καὶ
1105 2550 1151 2586 τὰ
1188 2556 1324 2596 πνρεῖα
1349 2555 1427 2585 τῶν
1451 2552 1537 2596 περὶ
1562 2550 1663 2597 Κορὲ
1689 2579 1695 2586 .
1722 2577 1729 2585 .
1756 2576 1764 2585 .
1790 2552 1978 2595 περίθεμα

237 2613 329 2652 ὄντα
353 2621 407 2664 τῷ
431 2618 687 2664 θυσιαστηρίῳ
722 2637 766 2642 -
802 2617 826 2652 3
864 2617 983 2653 ΙΚο1·.
1010 2619 1063 2660 13,
1090 2619 1107 2651 1
1146 2637 1188 2642 ——
1227 2619 1276 2653 15
1303 2617 1318 2651 I
1340 2618 1428 2653 Kor.
1454 2619 1506 2661 11,
1526 2620 1567 2654 19
1603 2638 1646 2642 —
1683 2618 1730 2653 17
1770 2618 1844 2663 vgl.
1869 2618 1976 2653 Num.

236 2683 289 2727 16,
313 2684 367 2720 37.
392 2684 436 2720 38
472 2704 515 2708 -
559 2684 611 2719 23
647 2683 722 2729 vgl.
760 2684 841 2719 Sen.
877 2685 922 2719 de
958 2696 1060 2730 prov.
1085 2685 1116 2727 2,
1140 2686 1178 2726 4;
1216 2684 1365 2730 Origen.
1402 2685 1440 2719 in
1477 2685 1565 2720 Gen.
1596 2686 1691 2721 hom.
1727 2687 1754 2727 l,
1787 2686 1828 2719 10
1853 2686 1933 2726 (Bd.
1963 2687 1976 2719 Ι

236 2752 270 2787 S.
295 2750 349 2795 12,
373 2751 426 2795 6):
463 2751 624 2795 quantus
650 2751 758 2786 decor
783 2752 820 2786 et
845 2751 1017 2796 splendor
1042 2751 1091 2787 sit
1114 2752 1221 2795 lucis,
1252 2764 1325 2788 non
1350 2753 1638 2799 dignosceretur,
1675 2752 1746 2786 nisi
1771 2753 1975 2787 obscuritas

236 2818 484 2854 intercederet
518 2817 639 2853 noctis
665 2846 672 2854 .
703 2845 711 2853 .
741 2846 747 2852 .
775 2818 806 2853 si
830 2830 995 2853 amarum
1022 2819 1209 2862 adhibeas,
1247 2821 1337 2854 tunc
1362 2820 1467 2855 dulce
1493 2820 1649 2854 efficitur
1674 2819 1896 2853 laudabilius
1933 2839 1975 2844 ——

235 2886 288 2920 26
313 2885 389 2930 vgl.
416 2884 456 2919 in
481 2884 588 2919 Nu'm.
613 2885 711 2920 hom.
730 2886 783 2924 14.
801 2887 822 2921 2

350 2985 372 3020 1
398 2983 486 3030 igne
514 2983 788 3028 qu,Ald.Del.
881 2986 904 3020 3
930 2987 992 3020 ut²
1015 2993 1057 3024 <
1083 2987 1117 3020 D
1208 2987 1232 3022 4
1258 2986 1314 3021 ita
1339 2987 1370 3020 A
1454 2987 1477 3022 9
1504 2985 1622 3021 divini
1648 2992 1690 3023 <
1715 2987 1747 3019 R
1840 2987 1888 3021 14
1914 2998 1971 3031 op-

234 3050 415 3096 pugnatio
440 3050 611 3094 BC‚Ald.
627 3052 701 3087 Del.
796 3053 848 3089 20
873 3052 960 3098 igne
985 3052 1186 3096 Bon-‚Asca
1203 3054 1274 3090 Del.
1341 3056 1346 3097 ί
1404 3053 1671 3099 resplenduerit
1695 3053 1775 3087 Alci.
1791 3053 1873 3095 Del„
1900 3053 1971 3097 ng

235 3117 270 3152 Z.
288 3117 333 3154 28
427 3119 478 3155 29
502 3131 549 3150 Ν
573 3118 710 3163 quique
735 3118 875 3164 singuli
899 3119 934 3153 B

2014 750 2049 774 76
2070 749 2140 776 Lom
2147 758 2185 776 111.

2002 2274 2033 2298 ῗῖ
2057 2273 2172 2299 Lotum.
