2373 3522
241 1110 284 1145 10

243 1441 286 1474 15

243 1773 287 1807 20

246 2437 290 2470 30

307 402 357 440 54
1085 393 1263 438 Origenes

306 523 390 549 non
425 511 485 549 est
517 522 563 548 ex
598 507 753 548 semine
785 507 940 555 Aaron,
975 504 1190 558 imponere
1220 505 1438 546 incensum
1476 519 1618 547 coram
1654 504 1852 556 Domino,
1889 517 1940 544 ne
1978 502 2054 544 fiat

308 575 414 615 sicut
445 574 593 623 Chore,
628 576 666 613 et
704 570 964 625 conspiratio
1006 570 1106 621 eius,
1150 570 1258 611 sicut
1298 570 1464 612 locutus
1507 573 1567 612 est
1597 571 1803 612 Dominus
1842 570 1885 611 in
1927 584 2054 610 manu

308 641 481 694 Moysi«.
540 639 763 679 Manifeste
796 638 979 691 quodam
1009 636 1053 676 in
1083 635 1176 677 loco
1198 636 1404 678 Dominus
1434 651 1509 690 per
1529 637 1779 691 prophetam
1800 637 1918 678 dicit:
1946 651 2055 678 »non

309 709 405 747 sunt
437 705 613 747 consilia
656 719 749 746 mea
792 704 898 745 sicut
947 702 1122 744 consilia
1163 705 1303 744 vestra
1346 718 1422 745 nec
1465 703 1742 757 cogitationes
1781 717 1898 745 meae
1949 704 2054 744 sicut

263 777 279 809 ’ἶ
310 772 588 825 cogitationes
619 773 826 812 vestrae«.
889 769 932 811 Si
962 771 1076 823 apud
1106 769 1301 810 homines
1332 770 1458 811 hodie
1495 763 1754 810 iudicaretur
1785 769 1888 810 haec
1929 783 2054 810 causa

310 841 349 879 et
380 840 492 891 apud
523 837 793 879 ecclesiarum
830 836 1041 890 principes
1084 835 1314 877 haberetur
1344 850 1515 877 examen
1550 837 1600 877 de
1636 836 1713 887 his,
1755 835 1874 877 verbi
1904 836 2054 889 gratia,

309 905 380 959 qui
411 905 580 946 diversa
611 903 661 944 ab
695 903 882 945 ecclesiis
915 905 1112 944 docentes
1148 902 1316 944 divinae
1337 903 1548 943 vindictae
1569 901 1818 956 pertulerint
1837 902 2054 952 ultionem,

309 985 451 1012 nonne
481 970 752 1020 iudicaretur,
783 972 841 1020 ut,
875 969 907 1009 si
939 970 1041 1022 quid
1071 968 1200 1010 locuti
1232 971 1340 1020 sunt,
1373 969 1406 1009 si
1449 968 1551 1021 quid
1592 970 1856 1019 docuerunt,
1881 969 1913 1010 si
1955 968 2056 1023 quid

310 1038 434 1078 etiam
479 1037 682 1090 scriptum
724 1036 999 1090 reliquerunt,
1041 1035 1238 1077 universa
1279 1037 1440 1090 pariter
1480 1049 1575 1076 cum
1616 1035 1804 1088 ipsorum
1845 1034 2056 1076 cineribus

311 1104 581 1157 deperirent?
631 1101 711 1144 Sed
732 1117 817 1144 non
839 1104 935 1143 sunt
965 1102 1121 1143 iudicia
1152 1101 1230 1143 Dei
1260 1102 1367 1142 sicut
1396 1101 1551 1143 iudicia
1580 1103 1738 1142 nostra.
1788 1101 1900 1142 Audi
1931 1102 2055 1152 enim,

311 1171 524 1223 quomodo
558 1171 607 1210 de
638 1168 797 1210 batillis
828 1183 986 1219 eorum,
1018 1169 1090 1222 qui
1129 1170 1276 1209 contra
1319 1168 1569 1222 prophetam
1610 1168 1691 1209 Dei
1730 1168 2056 1218 insurrexerant,

310 1237 507 1277 iubentur
536 1236 629 1276 fieri
677 1235 891 1276 >laminae<
933 1238 972 1276 et
1013 1235 1057 1275 in
1088 1235 1267 1275 circuitu
1310 1235 1456 1276 altaris
1499 1234 1630 1289 affigi.
1691 1233 1828 1275 Chore
1869 1233 2052 1288 figuram
2073 1248 2108 1276 75
2127 1249 2247 1276 Lomm.
2284 1227 2298 1232 '¹

310 1305 427 1343 tenet
458 1317 613 1353 eorum,
657 1302 728 1356 qui
771 1304 920 1343 contra
964 1301 1292 1342 ecclesiasticam
1333 1301 1461 1342 fidem
1504 1303 1544 1342 et
1587 1301 1826 1342 doctrinam
1866 1300 2056 1342 veritatis

310 1370 547 1422 insurgunt.
608 1368 820 1422 Scriptum
851 1371 914 1409 est
945 1381 1045 1422 ergo
1068 1370 1118 1409 de
1141 1367 1277 1409 Chore
1313 1370 1352 1409 et
1373 1370 1424 1409 de
1446 1370 1567 1408 coetu
1590 1367 1677 1409 eius
1701 1368 1813 1421 quod
1834 1368 1879 1408 in
1901 1366 2058 1408 batillis

312 1436 445 1476 aereis
474 1436 690 1476 incensum
725 1433 956 1476 obtulerint
985 1434 1113 1487 >ignis
1144 1433 1300 1476 alieni<.
1349 1434 1523 1477 Iubetur
1553 1449 1576 1474 a
1596 1433 1687 1475 Deo
1717 1434 1859 1487 >ignis<
1888 1433 2059 1487 quidem

310 1502 503 1543 >alienus<
543 1501 728 1555 dispergi
771 1503 811 1541 et
854 1499 1025 1551 effundi,
1072 1499 1243 1540 »batilla
1284 1514 1408 1541 vero«
1453 1500 1589 1553 inquit
1634 1500 1756 1553 »quia
1797 1499 2058 1541 sanctificata

312 1571 423 1619 sunt,
455 1569 583 1610 facito
616 1583 663 1609 ea
692 1567 874 1608 laminas
906 1566 1101 1618 ductiles,
1134 1569 1175 1607 et
1207 1567 1422 1608 circumda
1454 1581 1503 1607 ex
1532 1567 1582 1607 iis
1613 1566 1759 1618 altare,
1790 1567 1887 1620 quia
1918 1565 2060 1608 oblata

311 1638 409 1676 sunt
439 1649 582 1675 coram
613 1629 795 1675 Domino
827 1636 867 1674 et
909 1632 1174 1685 sanctificata
1217 1635 1355 1675 sunt«.
1414 1632 1507 1674 Hoc
1549 1645 1649 1687 ergo
1690 1633 1794 1674 mihi
1835 1647 1911 1686 per
1950 1633 2060 1674 hanc

310 1702 494 1756 figuram
536 1702 703 1741 videtur
746 1700 911 1741 ostendi
953 1702 1066 1754 quod
1107 1698 1287 1740 >batilla<
1326 1700 1420 1751 ista,
1444 1712 1567 1754 ‘quae
1611 1699 1828 1754 Scriptura
1869 1700 2060 1742 nominat

310 1781 475 1819 >aerea<,
505 1767 687 1821 figuram
729 1769 902 1807 teneant
933 1765 1176 1820 Scripturae
1223 1765 1403 1807 divinae.
1464 1765 1540 1807 Cui
1573 1765 1814 1820 Scripturae
1855 1766 2058 1807 haeretici

310 1835 467 1888 >ignem
498 1833 698 1874 alienum<
727 1833 1006 1886 imponentes,
1050 1832 1130 1874 hoc
1161 1834 1223 1873 est
1255 1847 1423 1873 sensum
1455 1835 1495 1873 et
1523 1832 1849 1887 intelligentiam
1880 1831 2059 1873 alienam

313 1917 335 1941 a
367 1900 457 1941 Deo
489 1903 528 1941 et
547 1899 716 1941 veritati
738 1899 995 1940 contrariam
1016 1898 1346 1949 introducentes,
1368 1899 1585 1940 incensum
1598 1899 1785 1941 Domino
1811 1914 1897 1940 non
1918 1912 2058 1950 suave,

312 1969 384 2008 sed
416 1965 669 2008 exsecrabile
702 1964 894 2006 offerunt.
945 1965 999 2006 Et
1029 1965 1123 2006 ideo
1154 1965 1292 2007 forma
1315 1965 1587 2007 ecclesiarum
1608 1961 1899 2011 sacerdotibus
1922 1965 2058 2016 datur,
2080 1983 2136 2010 296
2155 1982 2226 2010 Del.

312 2036 368 2074 ut.
413 2034 448 2073 si
479 2034 647 2086 quando
678 2031 760 2073 tale
793 2031 954 2086 aliquid
984 2032 1114 2072 fuerit
1144 2034 1350 2083 exortum,
1384 2046 1431 2073 ea
1461 2033 1646 2086 quidem,
1691 2045 1794 2086 quae
1828 2047 1852 2073 a
1882 2031 2059 2073 veritate

244 2108 252 2122 ‘
313 2100 451 2141 aliena
483 2102 592 2149 sunt,
624 2099 675 2139 ab
708 2098 884 2140 ecclesia
914 2098 993 2139 Dei
1023 2099 1191 2151 penitus
1222 2099 1544 2148 abstrudantur3
1585 2098 1619 2140 si
1649 2113 1731 2153 qua
1762 2101 1902 2140 autem
1932 2098 2057 2140 etiam

312 2169 355 2207 in
385 2166 486 2219 ipsis
516 2166 826 2207 haereticorum
856 2165 995 2205 verbis
1028 2179 1078 2205 ex
1099 2163 1340 2219 Scripturae
1371 2165 1536 2207 divinae
1568 2165 1758 2211 sensibus
1788 2165 2061 2206 inveniuntur

313 2234 486 2283 inserta,
518 2247 568 2272 ne
598 2232 757 2285 pariter
786 2246 880 2272 cum
911 2231 1008 2282 illis,
1041 2245 1147 2285 quae
1179 2232 1348 2273 veritati
1391 2234 1431 2273 et
1471 2232 1572 2273 fidei
1613 2234 1709 2274 sunt
1739 2231 1964 2282 contraria,
1995 2245 2060 2272 re-

315 2302 537 2354 spuantur3
569 2298 830 2340 sanctificata
860 2300 956 2338 sunt
986 2297 1108 2349 enim,
1143 2313 1248 2352 quae
1271 2299 1323 2339 de
1353 2287 1572 2352 Scriptura
1602 2299 1746 2339 divina
1772 2297 2058 2352 proferuntur,

315 2369 355 2407 et
386 2366 568 2407 Domino
600 2364 753 2406 oblata.
814 2363 959 2406 Potest
989 2366 1129 2405 autem
1171 2368 1211 2405 et
1249 2363 1332 2406 alio
1364 2365 1500 2406 adhuc
1544 2367 1669 2406 modo
1712 2364 1905 2419 intelligi,
1946 2366 2060 2418 quod

315 2434 364 2474 de
406 2431 563 2473 batillis
604 2431 863 2485 praecipitur
904 2433 1187 2484 peccatorum,
1229 2434 1276 2472 ut
1316 2432 1547 2485 iungantur
1590 2435 1630 2473 et
1673 2432 1884 2473 socientur
1924 2430 2059 2472 altari.

314 2499 370 2540 Et
408 2499 546 2552 primo
577 2498 656 2539 hoc
686 2497 837 2550 ipsum,
880 2499 995 2550 quod
1037 2511 1193 2538 >aerea<
1235 2499 1448 2549 dicuntur,
1491 2513 1575 2540 non
1618 2499 1798 2540 otiosum
1838 2497 2059 2539 videbitur.

316 2564 400 2605 Ubi
432 2564 541 2605 enim
571 2578 672 2605 vera
702 2563 807 2604 fides
837 2565 900 2604 est
931 2566 972 2604 et
1001 2563 1168 2617 integra
1199 2564 1319 2605 verbi
1349 2563 1429 2605 Dei
1458 2564 1730 2618 praedicatio,
1761 2567 1834 2606 aut
1863 2565 2063 2618 argentea

318 2631 516 2672 dicuntur
546 2633 616 2670 aut
648 2644 784 2681 aurea,
814 2632 860 2670 ut
890 2629 1033 2683 fulgor
1064 2630 1155 2671 auri
1185 2630 1373 2671 declaret
1403 2631 1504 2672 fidei
1524 2632 1749 2685 puritatem
1777 2633 1819 2674 et
1838 2632 2062 2685 argentum

430 2740 453 2774 3
479 2739 556 2784 vgl.
582 2740 653 2774 Jcs.
678 2741 732 2782 55,
758 2740 846 2774 8-9
883 2759 926 2763 -
964 2739 1045 2774 15Ῐ
1076 2739 1152 2784 vgl.
1178 2739 1285 2774 Num.
1311 2739 1365 2782 26,
1390 2740 1432 2774 61
1471 2760 1513 2766 ——
1551 2741 1601 2775 16
1637 2740 1745 2775 Num.
1771 2741 1824 2780 16.
1849 2740 1984 2775 37—38
2018 2759 2062 2764 —

318 2809 412 2843 2311·
433 2808 510 2853 vgl.
535 2807 574 2841 in
599 2807 712 2842 Exod.
736 2807 834 2842 hom.
862 2808 916 2849 11,
942 2807 962 2841 6
989 2806 1102 2851 (Bd.I
1128 2806 1159 2842 S.
1178 2806 1256 2849 260,
1275 2807 1308 2851 7>
1333 2826 1377 2831 —
1402 2808 1452 2843 31
1479 2808 1555 2852 vgl.
1574 2807 1681 2842 Num.
1701 2808 1754 2850 16,
1773 2808 1816 2843 39
1840 2827 1884 2832 —
1909 2807 1962 2842 33
1986 2807 2062 2852 vgl.

318 2889 346 2910 z.
366 2876 404 2913 13.
432 2875 580 2921 Origen.
606 2875 644 2909 in
671 2874 784 2910 Exod.
808 2875 905 2910 hom.
932 2876 985 2917 13,
1011 2875 1031 2909 2
1058 2875 1138 2917 (Bd.
1156 2875 1173 2908 I
1200 2875 1231 2909 S.
1249 2875 1327 2917 271,
1344 2875 1395 2918 9):
1428 2875 1600 2910 obtulisti
1626 2902 1634 2910 .
1652 2903 1659 2910 .
1679 2901 1687 2910 .
1715 2887 1845 2910 aurum
1869 2900 1877 2907 .
1897 2904 1904 2911 .
1922 2901 1930 2909 .
1955 2875 2063 2910 fidem

318 2944 438 2978 cordis
464 2969 471 2978 .
491 2970 498 2977 .
518 2972 524 2979 .
551 2944 581 2977 si
607 2970 614 2977 .
634 2970 640 2977 .
660 2969 668 2977 .
692 2943 895 2978 >confessus
920 2943 1050 2976 fueris<
1075 2953 1253 2993 sermone,
1279 2941 1453 2977 obtulisti
1479 2971 1486 2978 .
1505 2970 1513 2977 .
1532 2969 1540 2977 .
1566 2943 1780 2988 argentum;
1805 2942 1863 2978 ΡΒ.
1881 2942 1922 2976 11
1943 2943 2026 2988 (12),
2044 2944 2063 2977 7

432 3040 455 3075 8
494 3039 524 3073 si
550 3039 639 3083 quid
650 3040 675 3084 2]
713 3040 777 3074 aut
801 3040 836 3072 D
953 3039 1004 3074 10
1042 3037 1152 3082 enim]
1180 3049 1266 3083 ergo
1292 3039 1327 3073 Β
1390 3039 1396 3081 l
1463 3039 1550 3074 audi
1575 3038 1687 3083 enim]
1713 3038 1841 3074 audire
1865 3050 1895 3072 u:
1932 3038 2020 3074 audi
2043 3039 2068 3073 d

321 3107 368 3142 11
396 3106 674 3141 insurrexerunt
691 3106 825 3149 ΒΟΕᾱ,
848 3107 960 3141 kaum
978 3105 1128 3151 richtig,
1146 3105 1221 3150 vgl.
1241 3105 1273 3140 S.
1292 3107 1346 3149 59,
1364 3107 1383 3140 ’7
1456 3106 1505 3142 14
1532 3106 1632 3152 ergo]
1650 3105 1749 3141 enim
1770 3105 1800 3139 O
1868 3107 1916 3142 17
1937 3102 1998 3142 eas
2013 3107 2066 3142 Bo

321 3173 370 3208 ‘25
399 3174 559 3208 veritate
584 3173 660 3207 Εα*
705 3174 709 3218 Ι
754 3174 791 3208 et
816 3181 857 3211 <
882 3173 915 3206 B
1008 3175 1059 3209 29
1084 3186 1130 3204 ω
1156 3172 1277 3207 adhuc
1301 3173 1338 3208 et
1363 3173 1436 3208 alio
1467 3172 1497 3207 O
1587 3174 1638 3209 32
1664 3173 1731 3208 Dei
1756 3182 1798 3212 <
1825 3176 1858 3209 D
